2826 4904
175 366 241 433 tlt
571 356 893 421 orssxnuuulo

177 536 272 628 (vids
285 535 384 604 etiam
397 557 429 603 v.
444 531 547 623 49³.)
565 533 613 601 ita
627 551 878 620 nonnumquam
895 531 1081 624 praegredi
1097 523 1229 620 αὐτός,
1256 540 1289 599 et

176 661 301 710 nomen
317 637 546 731 explicationis
560 658 675 705 caussa
686 634 820 705 subiici:
845 633 942 701 iliad.
961 662 995 707 α.
1011 632 1096 702 143.
1282 625 1287 645 ’

487 770 533 848 ύν
549 768 586 847 δ’
601 765 739 868 aderio,
764 772 957 871 Χρυσηΐδα
972 763 1238 867 καλλιπάρῃον,

242 962 245 969 k
278 870 449 976 βήσομεν.

177 1015 231 1085 lta
257 1013 452 1108 interpungi
482 1009 633 1106 postulat
662 1032 741 1080 usus
768 1008 943 1102 epicorum
971 1007 1031 1079 hic
1062 1017 1097 1078 et
1125 1007 1223 1095 alibi,
1254 1015 1292 1080 ut

179 1116 301 1212 Odyss.
325 1145 359 1191 ν.
378 1114 465 1186 429.

279 1247 352 1348 βύν
369 1249 406 1352 ρ’
428 1253 510 1344 ἴμεν
525 1252 559 1329 ἐς
577 1242 716 1348 θήρην,
743 1245 835 1349 ἠμὲν
856 1242 979 1341 κύνες,
1004 1243 1068 1349 ἠδὲ
1087 1244 1148 1322 κού
1171 1241 1290 1330 crisci,

281 1356 372 1438 υἱέες
396 1345 619 1427 Αὐτολύκου.

179 1492 349 1564 nasoon
368 1491 403 1560 sn
422 1490 527 1559 scuto
543 1464 753 1558 ueremur.

282 1625 321 1702 ἓν
344 1624 466 1702 δὲκαὶ
495 1617 626 1713 αύκός,
654 1617 856 1720 ἐναρφύρος
879 1588 999 1705 ούλιος
1014 1622 1138 1725 Ἀρης.

179 1764 250 1834 vbi
265 1771 378 1833 umen
396 1764 538 1833 verbum
557 1759 708 1830 medium
728 1768 778 1829 est
795 1758 881 1828 inter
895 1782 1086 1851 pronomen
1108 1772 1142 1832 et
1160 1785 1294 1849 nomen,
1320 1752 1325 1765 ’

112 1958 117 1965 Ι
180 1877 238 1936 ant
261 1867 355 1935 nulia
378 1864 585 1934 admittenda
614 1873 664 1932 est
690 1865 932 1955 interpunctio,
966 1874 1024 1935 aut
1052 1874 1130 1939 ante
1155 1868 1293 1938 verbum

179 1969 355 2065 ponenda,
380 1976 418 2037 ut
440 1967 537 2037 lliad.
552 1976 591 2040 θ.
607 1965 695 2040 442,

282 2099 392 2188 αύτύς
408 2104 467 2194 δέ,
493 2097 663 2205 χρύσειον
682 2101 741 2180 ἐπὶ
760 2095 901 2201 θρόνον
922 2096 1083 2205 εύρύοπα
1103 2098 1193 2187 Ζεύς

180 2348 304 2442 Odyss.
328 2375 356 2422 ε.
378 2343 464 2413 230.
485 2370 516 2419 κ.
537 2336 626 2416 543.

283 2478 379 2583 αύκῆ
395 2477 439 2571 δ’,
457 2476 638 2578 &propior
662 2477 778 2579 φᾶρος
797 2479 891 2575 μέγα
913 2482 1040 2553 ἕννυτο
1056 2473 1194 2580 sipon.

180 2625 250 2695 Ηὶθ
275 2622 415 2714 quidem
435 2641 479 2687 ¹10
499 2616 572 2705 quis
599 2625 676 2687 ante
695 2611 1070 2716 rdppq‘interpungat,
1098 2615 1285 2707 etiamrhy-

25 2760 29 2765 ¹
180 2727 308 2797 thmica
327 2719 514 2794 observatio
539 2720 670 2807 obstat,
696 2720 742 2791 de
761 2743 828 2812 qna
849 2719 927 2790 ride
943 2721 1132 2792 Porsonum
1150 2722 1185 2790 in
1199 2722 1285 2790 Post.

121 2898 124 2903 .
181 2831 307 2926 scripto
325 2827 371 2898 ad
392 2821 515 2918 Odyss
533 2827 570 2915 β.
585 2819 645 2894 Π.

708 3104 769 3175 vl.

605 3239 753 3327 Αύεός,
800 3245 874 3309 hic·

284 3399 356 3471 Sed
374 3402 578 3474 veniendum
602 3398 725 3473 estad
744 3405 821 3473 illos
840 3424 919 3473 usus
941 3403 1149 3494 pronominis
1172 3396 1290 3489 αύεός,

182 3503 362 3593 dequibus
379 3507 573 3597 explicatius
595 3530 651 3574 me
673 3505 840 3576 dicturum
862 3529 932 3575 esse
953 3508 1102 3599 promisi.
1154 3509 1209 3576 Ac
1224 3507 1292 3598 pri-

181 3630 239 3675 mo
273 3608 516 3678 observandum
549 3617 616 3694 est,
650 3609 819 3697 Graecos,
853 3610 1064 3701 maximeque
1096 3611 1294 3694 Homerum,

182 3734 283 3802 saepe
306 3711 354 3781 sic
372 3714 422 3782 uti
444 3713 509 3780 isto
526 3713 745 3804 pronomine,
770 3721 809 3782 ut
825 3712 946 3781 Latino
968 3735 1123 3783 sermone
1135 3728 1201 3804 per
1216 3734 1295 3804 pro-

180 3814 317 3882 nomina
339 3815 398 3885 hic
419 3814 475 3884 vel
502 3814 564 3883 ille
592 3817 734 3907 exprimi
760 3816 874 3909 possit.
937 3816 1008 3885 Nos
1035 3818 1120 3884 mira
1150 3816 1296 3907 quadam

180 3917 408 4009 proprietate,
445 3938 550 4006 quum
574 3913 684 4000 αύτύς
705 3919 865 4012 simplicis
886 3914 1095 4010 pronominis
1111 3919 1191 3989 loco
1205 3918 1297 4011 posi-

180 4030 254 4090 tum
273 4043 338 4111 per
356 4019 522 4089 derselbe
538 4019 737 4110 reddamus,
770 4032 868 4091 aucta
890 4032 1003 4092 tamen
1022 4023 1056 4091 vi
1079 4021 1179 4093 huius
1194 4044 1298 4091 voca·

90 4128 101 4147 *
137 4123 257 4202 61buli
281 4144 350 4190 non
369 4120 440 4193 hoc
460 4123 613 4208 nomine,
638 4124 700 4191 sed
726 4125 851 4215 altero,
877 4126 951 4211 er,
965 4126 1033 4213 sie,
1064 4127 1114 4194 uti
1132 4125 1298 4218 cogimur,

184 4223 332 4314 ideoque
354 4221 449 4299 αύνύ
473 4249 552 4296 cum
570 4225 605 4292 vi
623 4226 770 4314 quadam
788 4227 937 4320 positum
959 4228 1135 4316 quomodo
1151 4229 1299 4298 Germa-

182 4328 258 4404 nice
282 4327 454 4422 dicamus,
484 4352 553 4400 non
576 4327 762 4419 habemns,
788 4344 894 4422 quum
914 4353 1026 4428 neque
1048 4331 1214 4404 dasseloe
1236 4333 1300 4402 isto
