2826 4904
299 321 497 384 rruvms
523 323 744 385 semels
775 323 1102 387 nissrnutrro.
1192 331 1258 394 29⁶

141 505 204 564 aut
218 495 325 587 plana
338 503 400 563 ant
413 493 538 562 mendo
551 518 657 579 meua
674 505 759 565 sunt
810 496 915 581 Quod
929 496 1027 584 dicit,
1052 507 1119 567 tres
1136 521 1257 568 nume-

141 621 218 686 ros,
242 599 303 688 qui
318 607 463 667 mutatos
483 598 606 666 modos
628 600 749 669 cantici
769 601 980 686 contineant,
1013 601 1048 668 in
1069 603 1256 671 comoediis

140 701 365 793 poni-solitos
385 724 478 787 esse,
510 701 566 768 vix
587 701 684 770 aliter
700 712 815 791 potest
838 704 1001 796 intelligi,
1033 727 1137 793 quam
1156 714 1196 774 ut
1215 705 1255 773 iis
1277 755 1280 759 «

141 804 263 874 cantici
287 805 452 888 versibus,
484 804 659 891 inquibus
685 807 901 873 mutabantur
924 806 1035 891 modi,
1068 807 1255 898 adscriptos

140 916 298 998 putemus
314 929 468 975 numeros
484 907 512 974 Ι.
525 907 569 973 ll.
581 907 643 974 lll.
694 908 813 977 Simile
826 908 991 997 quiddam
1011 921 1256 978 commemorat

139 1012 176 1077 in
187 1010 398 1099 praefatione
411 1010 457 1077 ad
469 1010 675 1077 Eunuchum
687 1009 741 1077 his
754 1011 882 1078 verbis:
905 1033 1016 1103 saepe
1035 1020 1154 1081 tornea
1174 1036 1253 1081 mu·
1274 1076 1277 1080 .

139 1113 227 1181 tatia
234 1134 307 1205 per
321 1135 465 1181 scenam
479 1113 595 1182 modio
610 1114 753 1181 cantica
767 1113 936 1182 movit:
959 1115 1055 1205 quod
1068 1115 1253 1209 oigmflcut

139 1216 262 1284 moos
281 1237 427 1299 scenae,
452 1214 588 1285 bobeno
606 1214 783 1286 mounes
800 1216 963 1308 poeaoma
980 1216 1252 1287 liuerusMM
1371 1261 1374 1266 ·

143 1317 185 1386 G.
235 1319 353 1406 ltaque
373 1319 406 1385 ei
424 1340 561 1401 scenae,
584 1317 620 1385 in
640 1342 710 1407 qua
732 1320 899 1390 canticum
918 1329 1006 1388 essm
1024 1320 1158 1388 mutatis
1174 1342 1252 1388 mo·

139 1420 210 1505 dis,
233 1422 364 1489 litterae
380 1420 432 1488 Μ.
454 1420 506 1488 Μ.
529 1421 569 1488 C.
588 1444 677 1510 quae
696 1425 819 1491 mutari
835 1423 960 1491 modos
976 1423 1099 1493 cantici
1120 1423 1252 1493 indica·

139 1531 231 1607 rent,
262 1525 579 1615 praemittebantur,
611 1524 709 1613 quod
736 1527 838 1594 etiam
866 1525 1033 1594 Salmasio
1062 1527 1179 1616 placet
1205 1525 1252 1594 ad

139 1625 280 1718 Scriptt
301 1628 348 1694 Η.
371 1628 415 1695 Α.
442 1649 479 1719 p.
499 1624 587 1694 495.
606 1629 672 1718 ipsi
689 1639 801 1696 autem
821 1628 971 1711 cantico,
995 1629 1132 1697 sirecte
1144 1628 1276 1697 eonii-.

139 1730 214 1814 cio,
238 1728 303 1797 suis
323 1730 409 1799 locis
430 1730 641 1796 addebantur
662 1732 793 1798 numeri
812 1731 840 1796 1.
857 1730 901 1795 ΙΙ.
925 1729 986 1796 ΙΙΙ.
1006 1739 1055 1814 ut,
1079 1730 1140 1797 ubi
1154 1730 1275 1797 lieret.¹

137 1831 199 1898 ista
213 1833 373 1916 mutatio,
397 1831 650 1922 intelligeretur.
702 1832 809 1916 Quod
827 1832 908 1900 inde
931 1832 1032 1917 dicit,
1057 1832 1116 1920 qui
1133 1831 1252 1901 huius-³

136 1935 275 2002 cemodi
301 1934 423 2001 modos
451 1933 610 2018 iecerint,
639 1957 764 2002 nomen
792 1936 829 2003 in
853 1932 1021 2026 principio
1046 1935 1184 2004 fabulae
1216 1943 1273 2003 et>

137 2037 309 2127 scriptoris
323 2046 359 2106 et
374 2037 497 2108 actoris
509 2039 777 2128 superposuisse,
800 2061 902 2107 nemo
916 2062 986 2106 non
1005 2038 1143 2124 sentiet,
1167 2039 1250 2106 scri-

136 2149 273 2229 ptorem
286 2163 354 2207 non
370 2141 447 2207 satis
462 2149 541 2230 apte
556 2139 601 2208 de
614 2151 723 2230 poeta¹
734 2142 880 2231 intelligi
897 2163 1008 2230 posse.
1059 2141 1141 2210 Hoc
1160 2140 1251 2207 enim

136 2241 185 2307 ad
203 2241 356 2308 fabulam
375 2251 500 2325 totam,
524 2265 593 2309 non
613 2243 660 2309 ad
681 2243 803 2310 modos
823 2242 1030 2333 pertinebat:
1060 2264 1170 2332 neque
1191 2243 1250 2331 qui

135 2342 260 2411 modos
280 2343 445 2427 iaciebat,
477 2366 595 2412 curare
624 2367 712 2433 opus
739 2344 910 2430 habebat,
943 2345 1036 2413 cuius
1059 2352 1185 2434 poetae
1209 2368 1276 2422 eo>¹

136 2446 254 2514 fabula
274 2455 378 2534 emet,
401 2446 464 2514 sed
483 2447 570 2514 illud
598 2457 669 2514 erat
688 2447 926 2531 indicandum,
957 2447 1031 2535 quis
1051 2447 1173 2515 modos
1194 2446 1249 2514 le-

136 2549 252 2632 cissct,
278 2549 406 2638 etquis
426 2559 522 2618 actor
545 2551 732 2635 cauticum,
758 2552 813 2618 cui
827 2551 909 2619 facti
928 2561 1022 2617 erant
1041 2550 1155 2633 modi,
1179 2549 1249 2616 sal-

135 2659 231 2719 taret
282 2652 397 2736 Quare
418 2652 561 2743 scriptor
588 2653 656 2723 dici
678 2653 812 2721 videtur
831 2654 891 2721 ille
919 2653 999 2720 artis
1019 2654 1166 2721 musicae
1183 2675 1249 2742 pe-

135 2756 238 2839 rituS,
263 2757 322 2843 qui
335 2755 457 2822 modos
470 2755 604 2824 lecerit:
628 2778 709 2840 nec,
735 2757 872 2826 sirecte
884 2757 1011 2840 sentio,
1036 2755 1130 2823 aliud
1147 2753 1249 2842 quid-

135 2880 239 2945 quam
253 2858 440 2928 continetur
454 2858 580 2926 Donati
600 2861 727 2943 verbiS,
753 2882 855 2947 quam
875 2859 911 2925 in
928 2859 1098 2949 principio
1111 2857 1249 2926 fabulae
1337 2878 1340 2883 ·

136 2959 344 3051 adscriptum
360 2962 462 3029 fuisse
482 2962 519 3028 id
542 2963 671 3053 ipsum,
697 2964 793 3049 quod
810 2963 846 3029 in
867 2963 969 3030 titulis
996 2960 1274 3031 ordinemve-1.

135 3084 175 3128 so
204 3062 369 3154 legimus:
410 3073 562 3156 egerunt
581 3065 625 3132 L.
652 3064 838 3134 Ambivium
864 3065 1013 3157 ihrpio,
1046 3065 1089 3132 L.
1116 3063 1248 3132 Atilius

136 3165 404 3234 praenestem:
435 3168 560 3234 modos
570 3166 666 3258 seuit
689 3167 852 3255 Flaccum.
909 3171 1031 3253 Neque
1057 3173 1248 3258 repugnant

136 3268 257 3356 reliqui
275 3269 364 3353 loci,
397 3269 433 3334 in
455 3269 576 3356 quibus
598 3268 718 3335 Flacci
738 3269 942 3335 mentionem
970 3259 1053 3334 facit
1078 3266 1274 3343 Donatusts
1377 3315 1380 3320 .

133 3371 171 3436 ἱιι
199 3372 410 3461 praefatione
441 3372 487 3437 ad
516 3367 737 3438 Eunuchum:
778 3370 862 3436 itmn
886 3369 1092 3435 naodulunte
1112 3367 1247 3436 Flacco

101 3553 113 3571 .
139 3471 294 3541 Clmudio
319 3472 413 3541 tibiis
432 3474 564 3540 dextra
587 3479 623 3539 et
646 3472 806 3555 amuco,
839 3469 883 3538 ob
906 3471 1098 3555 iocularia,
1132 3470 1249 3538 multo

129 3577 316 3667 permixta
325 3577 519 3668 gravitate.
544 3576 632 3641 Etin
646 3574 856 3664 praelatione
865 3574 910 3641 ad
915 3575 1105 3664 Hecyram:
1118 3571 1245 3640 modu-

139 3679 236 3746 lotus
246 3687 299 3747 est
309 3701 390 3746 eum
398 3678 556 3747 Ftaccus·
567 3677 742 3748 Claudius
755 3675 849 3746 tibiis
856 3676 1019 3769 paribus.
1041 3676 1091 3743 Et
1103 3676 1246 3765 inprae-

134 3781 263 3849 satione
271 3781 315 3848 ad
328 3781 586 3848 Phormionem:
611 3781 735 3848 modos
737 3777 901 3871 faciente
916 3779 1049 3847 Flacco
1058 3777 1204 3847 Claudii
1215 3775 1247 3866 s.

133 3881 230 3952 tibiis
236 3884 412 3953 Serranis.
438 3886 527 3951 Nam
541 3883 665 3951 modos
668 3881 763 3976 fecit
782 3889 817 3950 et
830 3882 1034 3951 modulatus
1052 3887 1103 3948 est
1115 3879 1245 3970 signill-

136 3995 193 4055 cat
202 3988 468 4082 ἑμελοποίησεν,
481 3996 519 4053 ut
533 3994 626 4054 recte
640 3984 990 4053 iudicavitSalmasius·
999 3984 1044 4051 ad
1052 3983 1188 4071 Scriptt.
1198 3981 1244 4054 H.

136 4090 179 4158 Α.
202 4088 314 4179 psto.
366 4088 488 4157 Cicero
509 4087 554 4155 de
575 4086 635 4156 Or.
655 4088 715 4155 111.
731 4085 792 4154 26.
815 4087 900 4155 102.
922 4109 1034 4178 oeque
1052 4085 1092 4152 id
1107 4093 1246 4153 actores

129 4193 236 4283 prius
265 4191 448 4274 viderunt,
480 4213 588 4281 quam
608 4191 677 4283 ipsi
696 4197 848 4282 poetae,
883 4212 991 4282 wem
1019 4188 1169 4280 denique
1188 4187 1243 4256 illi

135 4296 268 4380 etiem,
286 4294 346 4387 qui
354 4291 533 4388 fecerunt·
543 4295 682 4378 crodos,
706 4316 732 4360 o
746 4291 871 4384 quibus
887 4293 1043 4385 utrisque
1055 4290 1241 4362 summitti·
