2826 4904
209 320 273 383 150
436 316 494 378 llll
519 315 706 379 ELLlPSI
732 316 789 379 ΕΤ
806 314 1093 378 PLEONASMO

84 540 89 549 .
209 489 277 575 dit,
303 489 383 558 alias
396 510 532 580 prorsus
548 512 617 558 esse
628 488 825 574 locutiones,
850 488 962 556 ubilis
982 486 1103 556 additis
1117 510 1171 557 res
1198 490 1321 559 certius

208 591 423 679 describitur,
450 593 547 678 alias,
573 593 631 661 ubi
649 614 718 659 non
741 591 857 682 positis
876 592 983 659 minus
1006 590 1144 659 definita
1169 602 1220 661 est
1244 616 1321 662 ora-

206 695 266 762 tio.
317 697 406 763 Nam
427 695 523 763 haud
549 717 625 762 raro
638 717 694 762 -ne
713 703 826 785 potest
845 695 985 784 quidem
1003 703 1060 761 aut
1073 694 1200 763 horum
1211 696 1322 765 nomi-

132 847 139 899 ,
206 816 288 865 num
303 799 447 889 intelligi
466 798 591 884 ullum,
617 805 674 865 aut
688 798 799 883 aliud,
825 797 928 866 veluti
945 797 979 865 in
991 796 1072 883 hoc,
1098 791 1146 871 vo*
1160 798 1321 897 σῶφρον,

207 902 304 990 quod
326 912 374 970 est
400 898 423 975 ὅ
443 929 482 974 τι
504 894 650 998 σῶφρόν
675 905 784 974 ἐστιν.

308 1004 445 1074 Dictum
471 1013 520 1073 est
545 1004 590 1072 de
615 1003 741 1094 copula
757 1013 792 1074 et
802 1004 962 1073 subiecto.
1012 1003 1218 1074 Accedimus
1234 1024 1324 1074 nunc

13 1162 20 1177 .
141 1099 255 1175 1⁰9ad
267 1108 510 1197 praedicatum.
562 1107 643 1177 Hoc
667 1129 748 1175 vero
763 1129 827 1198 per
842 1107 975 1198 ellipsin
989 1108 1097 1175 omitti
1111 1107 1207 1175 nullo
1219 1116 1322 1198 pacto

205 1219 328 1301 potest.
384 1212 473 1278 Nam
496 1232 601 1301 quum
628 1211 737 1278 omnis
766 1211 926 1278 sententia
948 1210 1041 1280 hunc
1062 1211 1167 1278 finem
1184 1209 1323 1296 habeat,

87 1392 89 1397 .
205 1323 244 1381 ut
271 1312 486 1402 praedicetur
508 1313 636 1402 aliquid
663 1312 708 1380 de
730 1314 842 1403 aliqua
862 1337 916 1399 re,
957 1322 1113 1404 apertum
1145 1322 1214 1399 est,
1247 1334 1323 1383 eam

206 1417 334 1484 nullam
352 1437 487 1505 prorsus
508 1417 656 1484 futuram
678 1439 747 1485 esse
759 1417 974 1502 sententiam,
994 1408 1064 1506 ‘qua
1089 1417 1134 1484 de
1154 1417 1269 1505 aliqua
1285 1439 1323 1484 re

205 1519 291 1586 nihil
306 1519 566 1611 praedicaretur.
617 1520 734 1607 ltaque
755 1521 789 1586 in
803 1529 894 1587 tanta
909 1520 1122 1589 multitudine
1137 1521 1322 1603 nominum,

206 1646 294 1712 quae
322 1645 387 1713 per
409 1623 542 1714 ellipsin
570 1632 627 1689 aut
654 1645 734 1690 vere
763 1625 973 1708 omittuntur,
1006 1632 1063 1691 aut
1095 1623 1203 1690 omitti
1224 1644 1323 1713 posse

205 1727 319 1795 multis
338 1728 409 1793 visa
423 1735 517 1812 sunt,
542 1726 663 1793 mirum
681 1735 873 1812 esttamen,
900 1749 1002 1815 quam
1020 1748 1131 1817 pauca
1157 1726 1322 1794 adiectiva

205 1830 261 1897 vel
273 1830 317 1896 ab
329 1828 402 1914 his,
427 1830 486 1919 qui
500 1828 626 1917 ubique
642 1828 775 1920 ellipsin
788 1831 971 1900 commenti
986 1838 1078 1914 sunt,
1104 1830 1138 1895 in
1154 1828 1248 1898 hunc
1258 1850 1321 1896 nu-

205 1954 337 1999 merum
361 1933 481 2000 referri
508 1933 686 2021 potuerint
739 1933 895 2016 Quorum
917 1934 1160 2001 adiectivornm
1180 1954 1251 1999 non
1276 1940 1322 1999 est

204 2034 266 2101 nisi
279 2056 401 2120 unum,
427 2036 463 2102 in
483 2057 551 2122 quo
571 2035 788 2125 agnoscenda
801 2045 886 2104 esset
904 2037 1046 2128 ellipsis,
1072 2036 1133 2102 nisi
1146 2035 1218 2104 hoc
1233 2056 1319 2123 quo-

204 2159 271 2227 que
295 2157 365 2205 non
387 2139 431 2205 ab
452 2139 534 2229 ipsis
556 2138 791 2228 scriptoribus,
832 2139 894 2206 sed
923 2141 966 2206 ab
998 2139 1140 2206 librariis
1163 2138 1320 2207 omissum

204 2248 310 2326 esset,
344 2235 485 2314 einoldo
511 2240 589 2311 dico
610 2242 645 2308 in
667 2241 816 2309 formula
834 2246 870 2324 ἐξ
887 2236 1041 2332 ὀνύχων,
1068 2264 1171 2331 quam
1190 2241 1320 2309 formu-

203 2343 274 2410 lam
296 2366 349 2411 res
370 2346 445 2435 ipsa
467 2345 570 2412 dccet
595 2344 775 2412 absurdam
805 2368 892 2430 esse,
927 2346 989 2412 nisi
1010 2345 1159 2412 disertim
1180 2344 1321 2415 adiecti-

202 2469 286 2515 vum
305 2446 458 2515 addatur.
511 2446 617 2532 Quod
639 2450 666 2514 si
686 2447 775 2518 haec
795 2470 876 2516 vera
897 2457 988 2528 sunt,
1021 2447 1320 2538 sponteintelligi-

201 2559 274 2636 tur,
299 2573 369 2618 non
389 2551 494 2619 modo
518 2550 674 2620 adiectivi
691 2551 747 2618 vel
773 2573 1006 2641 quaecumque
1029 2552 1165 2618 nomina
1182 2550 1319 2641 praedi-

204 2654 270 2724 cati
284 2654 401 2722 officio
423 2655 630 2745 funguntur,
656 2653 717 2720 sed
732 2677 775 2721 ne
790 2655 940 2722 adverbii
958 2654 1113 2743 quidem,
1146 2664 1205 2722 aut
1220 2676 1320 2745 prae-

202 2757 395 2846 positionis,
421 2766 478 2824 aut
497 2757 736 2825 coniunctionis
759 2751 891 2848 ellipsin
913 2781 984 2826 esse
1018 2758 1134 2825 ullam.
1187 2758 1320 2825 Etenim

202 2859 286 2961 quid
307 2859 399 2926 aliud
423 2868 513 2944 sunt,
540 2881 627 2947 quae
643 2860 829 2949 particulae
844 2870 1023 2946 vocantur,
1049 2883 1152 2950 quam
1167 2862 1320 2945 voculae,

202 2962 324 3051 quibus
344 2963 543 3052 praedicata
571 2963 739 3051 quaedam
763 2973 796 3031 et
817 2987 930 3031 rerum
954 2965 1040 3031 inter
1072 2987 1108 3030 se
1139 2964 1337 3055 cogitatio-¹

201 3087 350 3153 numque
363 3066 475 3133 variae
489 3066 632 3133 rationes
653 3067 909 3157 significentur?
935 3066 1008 3136 Sed
1026 3069 1061 3134 in
1074 3066 1143 3134 hac
1159 3090 1219 3152 re,
1241 3067 1268 3134 si
1289 3067 1321 3132 iu

149 3200 152 3205 >
200 3168 273 3236 ulla
300 3169 383 3254 alia,
419 3169 602 3260 plerosque
627 3192 742 3237 omnes
770 3171 855 3238 mihi
878 3171 1085 3239 adversarios
1110 3170 1187 3237 fore
1210 3170 1320 3254 video,

201 3295 307 3360 quum
329 3273 424 3341 nulla
448 3275 600 3340 usitatior
631 3297 719 3358 esse,
757 3298 860 3364 quam
874 3275 1131 3365 particularum,
1158 3273 1321 3340 maxime-

201 3398 269 3462 que
290 3377 578 3465 praepositionum
597 3376 722 3468 ellipsis
736 3379 900 3446 credatnr.
952 3378 1015 3444 His
1034 3399 1116 3444 vero
1132 3376 1319 3466 responde-
1341 3414 1344 3421 ⁴

201 3479 307 3563 bitur,
338 3489 558 3570 posteaquem
579 3481 751 3572 inceptum
776 3483 882 3549 semel
903 3502 1037 3552 cursum
1058 3481 1144 3549 istuc
1168 3478 1344 3548 deduue-⁴
1374 3548 1377 3554 .

203 3605 315 3651 nurus.

136 3682 199 3745 110
307 3686 492 3776 Reliquum
513 3694 563 3755 est
577 3686 669 3754 aliud
683 3710 789 3778 genus
806 3687 981 3778 ellipseos,
1008 3686 1103 3776 quod
1117 3709 1186 3754 non
1206 3686 1241 3753 in
1257 3708 1321 3753 uua

200 3789 323 3857 harum
336 3791 506 3881 partium,
533 3792 708 3878 exquibus
723 3814 878 3879 quaeque
891 3792 1077 3860 enunciatio
1093 3798 1234 3874 constat,
1262 3786 1322 3856 sed

199 3893 235 3959 in
259 3894 437 3960 omissione
460 3894 609 3984 plurium
627 3895 777 3983 positum
803 3905 859 3961 est.
921 3894 1023 3963 Cuius
1040 3896 1091 3961 rei
1110 3894 1219 3960 simile
1237 3890 1320 3980 qnid
1365 3912 1374 3949 τ’

200 3996 400 4064 Lambertus
420 4018 558 4085 quoque
572 3997 693 4064 Boslus
710 3998 1002 4083 commemoravit,
1030 4019 1237 4087 quamquam
1254 4018 1321 4062 non

202 4101 328 4167 maiore
350 4121 428 4166 cum
451 4099 594 4184 iudicio,
621 4123 724 4187 qnam
745 4121 822 4168 cum
844 4123 913 4188 quo
939 4109 1028 4168 totus
1044 4102 1106 4168 iste
1121 4101 1211 4167 liber
1224 4120 1321 4167 com-

201 4203 329 4294 positus
348 4210 406 4269 est.
439 4292 441 4296 ι
460 4203 575 4286 Quum
594 4203 683 4269 enim
701 4203 820 4270 Rosius
841 4227 910 4271 non
925 4213 1149 4294 potestatem,
1175 4203 1237 4270 sed
1248 4203 1322 4270 for-

201 4330 274 4374 mas
293 4304 474 4374 verborum
497 4302 681 4400 spectaret,
713 4306 774 4376 ubi
794 4310 986 4393 nominum,
1012 4308 1213 4394 verborum,
1234 4328 1322 4398 par-
