2826 4904
168 412 187 469 l

209 308 255 373 n
518 278 1084 376 conurnrnr1o'

210 479 335 550 debeat
350 488 606 569 monstraturus,
629 484 766 553 tolutim
775 482 1005 575 incipiendum
1020 482 1103 554 dicit
1118 481 1162 550 ab
1184 479 1331 566 sinistre,

210 585 403 673 etquidem
423 608 513 676 equo
534 587 661 655 sinistre
686 587 886 655 decussatim
911 585 1109 671 incedente,
1142 585 1224 676 quis
1247 584 1332 652 sini·

209 696 315 757 strum
339 688 468 780 pedem
492 689 693 758 anteriorem
712 691 757 757 ad
778 711 913 761 cursum
929 688 1096 757 tolutilem
1117 688 1333 779 proiecturus

210 788 317 879 equus
337 792 381 860 ab
403 793 504 861 laevo
522 793 610 863 flexu
624 793 753 861 initium
768 792 892 872 faciat3
917 815 989 860 esse
1004 802 1118 861 autem
1131 792 1267 860 tolutim
1280 790 1333 867 sie

208 893 457 985 incipiendum,
483 905 601 965 utnon
614 895 719 965 modo
735 897 862 964 sinistra
877 894 1035 965 incedens
1056 917 1182 983 equus,
1208 892 1269 963 scd
1294 892 1332 965 in

209 996 286 1089 ipso
296 997 480 1069 adlaevam
486 999 578 1071 flexu
587 999 632 1068 od
645 999 793 1094 gradum
804 998 971 1071 tolutilem
985 998 1139 1071 incitetur
1151 999 1202 1091 ⁴).
1223 995 1332 1084 Quod

251 1334 288 1420 4)
310 1338 438 1420 Recepit
456 1339 639 1421 sscripturse
653 1340 865 1419 mutationem,
887 1356 977 1420 quem
996 1337 1028 1398 in
1041 1336 1101 1397 hnc
1116 1337 1330 1398 dissertatione
1361 1365 1363 1369 ³

207 1427 367 1506 proposui,
388 1427 439 1485 Fr.
455 1426 624 1505 lacobsius,
645 1427 839 1498 Fridericif,
860 1424 892 1484 in
908 1424 1037 1485 editione
1055 1424 1126 1484 libri
1141 1422 1331 1503 Xenophon·

208 1507 271 1584 tei,
293 1510 346 1570 sed
360 1521 396 1571 ut
411 1513 607 1591 coniungeret
618 1510 747 1572 verba‘
728 1505 818 1576 osso‘re
834 1504 1052 1593 ἀναβαίνοντα
1067 1503 1230 1594 α’(ιισιερῶ,
1252 1529 1332 1569 ver-

97 1642 103 1655 .
207 1601 345 1674 tenetque
364 1595 477 1655 enbald
489 1619 520 1656 er
535 1595 592 1656 den
607 1598 707 1656 liuhan
720 1599 798 1674 fuss
820 1595 958 1672 oufhebt.
999 1594 1041 1654 At
1056 1593 1088 1653 id
1105 1615 1162 1693 per
1177 1571 1332 1672 significa-

207 1677 321 1739 tionem
341 1681 427 1741 verbi
441 1675 618 1763 ἆναβαίνειν
634 1682 705 1742 fieri
713 1702 774 1741 non
791 1690 902 1762 potest.
929 1699 1025 1760 neque
1043 1700 1097 1758 ego
1112 1681 1153 1738 ita
1163 1679 1331 1757 volueram,

207 1761 293 1822 Μ’
276 1759 366 1830 orro'sa
381 1761 544 1848 sinodalem
562 1767 600 1828 de
622 1769 722 1848 equite
745 1765 964 1844 intelligebam,
988 1763 1040 1844 qni
1057 1783 1167 1845 equum
1184 1783 1331 1824 conscen.

207 1847 311 1912 disset.
356 1851 632 1913 verumenimvero
648 1875 686 1913 ne
698 1851 758 1912 hoc
774 1852 894 1933 quidem
914 1850 1035 1930 probari
1049 1858 1157 1928 potest.
1199 1849 1277 1908 Nem
1296 1859 1330 1910 et

207 1925 343 2014 νῖναβαίη
365 1936 469 2015 polius
490 1937 652 1998 dicendum
675 1937 801 2006 luisset.
833 1946 864 1998 et
887 1945 986 1996 tamen
1008 1954 1045 1993 ne
1059 1934 1092 1995 id
1109 1933 1233 2014 quidem
1253 1934 1330 1995 scri·

206 2027 294 2097 ptum
314 2020 406 2080 fnisse
428 2042 445 2079 ιι
464 2022 665 2104 Xenophonte
681 2022 826 2083 credibile
841 2031 906 2091 est,
929 2020 998 2100 quia
1012 2040 1138 2098 prorsus
1155 2020 1266 2080 inutile
1282 2029 1330 2083 est

205 2100 268 2163 hoc
290 2101 539 2167 additamentum.
590 2107 747 2168 Accedunt
769 2116 868 2166 autem
886 2105 944 2165 tris
972 2105 1030 2164 alia
1037 2126 1149 2185 ,quae
1167 2105 1330 2166 coniectu·

204 2190 273 2248 ra'm
301 2211 397 2249 meam
418 2191 616 2268 labefaciant,
647 2212 741 2252 unum
765 2191 849 2296 quod
871 2189 1015 2250 audacior
1036 2199 1081 2250 est
1105 2200 1136 2250 et
1163 2190 1329 2251 violentior

204 2273 259 2332 illa
286 2275 448 2337 verborum
477 2281 520 2363 τῷ
542 2277 667 2362 oagrn'
657 2298 689 2336 ιιι
715 2280 761 2362 spi
784 2270 929 2362 αριστιρῷ
952 2276 1163 2353 commutatio,
1197 2276 1329 2337 alterum

206 2359 290 2438 quod
304 2341 549 2448 διατροχᾶζειν
520 2367 564 2424 roi
578 2356 723 2447 ἆρισιεραῖ
737 2382 798 2422 ιιοιι
813 2339 935 2421 videtur
942 2359 1110 2438 srgmlicare
1125 2378 1233 2441 posse,
1256 2362 1328 2420 sini

205 2453 268 2505 stru
288 2465 399 2525 menn,
421 2448 505 2526 quod
526 2467 582 2508 nos
604 2447 750 2530 dicimus,
776 2446 976 2525 incedere,
966 2467 987 2506 ι.
1010 2447 1094 2507 esic
1110 2455 1144 2506 ut
1157 2446 1197 2505 ad
1211 2445 1328 2509 flexum

203 2529 237 2590 in
251 2531 368 2592 laevam
384 2533 573 2639 componitur
586 2533 626 2593 sit
650 2553 764 2612 equus,
792 2533 934 2611 tertium,
957 2530 1040 2611 quod
1064 2552 1135 2590 mox
1153 2530 1328 2612 Xenophon

204 2635 267 2674 non
295 2613 435 2698 στρέφοι,
472 2617 524 2676 sed
552 2612 736 2698 ἆναστρέφοι
758 2616 847 2688 dicit,
879 2616 962 2694 quod
988 2636 1049 2674 non
1081 2624 1127 2675 est
1147 2626 1327 2677 convertere

205 2717 335 2798 equum,
370 2701 426 2760 sed
448 2721 570 2761 rursum
592 2711 784 2771 convertere,
816 2659 946 2779 ideoque
966 2699 1097 2760 redire
1088 2722 1119 2760 ιιι
1140 2720 1249 2781 gyrum
1271 2702 1327 2761 ali·

206 2783 383 2883 quantisper
397 2786 546 2846 relictum.
591 2786 637 2846 lix
658 2805 693 2846 eo
720 2796 836 2862 sutem,
874 2786 957 2865 qnod
981 2786 1115 2845 secundo
1141 2786 1210 2846 loco
1224 2787 1326 2866 posui,
1385 2840 1390 2861 ,

206 2870 419 2968 consequitur,
442 2870 532 2931 etiam
546 2892 588 2955 τῳ
576 2872 695 2954 δεξιῷ
710 2864 913 2952 διατροχᾶζειν
926 2891 1084 2952 perperam
1104 2871 1175 2946 dici,
1198 2874 1326 2932 coniun-

204 2953 294 3032 gique
309 2954 418 3015 debere
434 2955 566 3016 rerba
542 2975 600 3030 nc,
621 2965 657 3016 ιιι
672 2956 927 3034 fecitlacobsius,
949 2956 1040 3016 modo
1062 2956 1111 3016 rel
1133 2957 1327 3037 explicentur

204 3039 310 3115 aliter,
329 3041 598 3101 velemendentur
640 3041 735 3120 Atan
748 3041 892 3122 explicari
905 3041 1057 3121 quomodo
1072 3042 1205 3122 possint,
1227 3044 1325 3104 fateor
1392 3068 1396 3074 ·

203 3144 253 3185 me
267 3145 329 3185 non
344 3125 523 3204 intelligere:
546 3126 697 3186 emendari
713 3147 788 3187 vero
802 3147 892 3207 posse
910 3127 1067 3204 existimo,
1089 3135 1120 3186 et
1134 3126 1281 3206 quidem
1271 3139 1325 3203 sta,

203 3220 239 3269 ιιι
252 3230 350 3290 neque
367 3211 398 3277 in
412 3211 512 3272 verbis
527 3210 583 3272 ulli
597 3213 636 3271 sit
649 3209 876 3293 reprehensioni
890 3212 992 3282 locus,
1014 3231 1111 3290 neque
1135 3215 1208 3272 artis
1223 3234 1323 3294 eque-

204 3297 274 3354 stris
287 3298 378 3376 periti
391 3297 546 3359 inventuri
562 3300 639 3373 sint,
657 3297 743 3398 quod
766 3299 867 3359 verius
883 3298 1041 3378 aptiusque
1057 3296 1171 3356 dictum
1186 3319 1251 3358 esse
1265 3319 1324 3360 ve-

203 3378 269 3442 lint.
312 3382 479 3443 Etenim
456 3405 500 3443 ιιι
514 3394 582 3490 est,
607 3383 666 3444 nisi
688 3385 804 3463 egregie
830 3385 941 3460 fullos,
970 3382 1175 3443 scribendum.
1198 3382 1322 3490 ἐπείπερ

204 3461 239 3527 δὲ
260 3459 361 3527 nnl’
340 3463 402 3529 ond
419 3490 482 3529 των
502 3462 670 3575 αἶριατεραῑν
691 3466 838 3551 appendes
857 3463 1112 3576 εὖδοκιμώτερον,
1131 3460 1230 3572 redd*
1209 3491 1249 3531 αν
1264 3495 1324 3549 μα-

202 3544 328 3612 λιστα’
307 3544 370 3612 ond
395 3545 511 3614 τούτων
519 3577 668 3654 oppono,
691 3555 720 3617 el
739 3548 983 3662 διατροχάζονιος
995 3552 1098 3635 μέν,
1083 3547 1171 3616 under
1188 3547 1322 3635 α’ποβαί-

201 3658 253 3698 ναι
266 3657 330 3698 ταν
347 3636 472 3714 δεξιῶν,
492 3631 560 3700 τότε
580 3639 778 3722 σημαίνοντα
790 3640 875 3725 sunno
888 3663 921 3704 το
915 3635 1201 3721 ἕπιραβὸοφορεῖν.
1243 3641 1269 3701 Ι.
1293 3661 1322 3704 e.

203 3720 449 3801 quandoquidem
469 3730 569 3783 eutem
591 3724 628 3782 ah
647 3723 766 3784 sinistra
786 3701 919 3824 incipere
940 3726 1166 3784 convenientius
1180 3722 1320 3799 habetur,

202 3806 248 3866 sic
268 3806 305 3867 ab
327 3827 361 3867 ea
388 3827 479 3868 manu
502 3810 655 3890 aptissime
677 3809 817 3890 incipiat,
840 3810 864 3868 si
881 3830 959 3888 equo
977 3809 1156 3870 decussatim
1169 3821 1321 3890 currente,

202 3912 298 3970 quum
313 3913 332 3950 e
347 3892 459 3953 dextro
474 3913 549 3974 gyro
563 3893 642 3967 abit,
664 3903 729 3954 tum
747 3915 827 3974 equo
843 3895 965 3956 tolutim
984 3895 1139 3974 significet.
1184 3897 1322 3976 Namque

202 3976 285 4039 abire
306 3977 344 4037 ab
365 3977 475 4039 dextro
493 4001 570 4060 gyro
591 3978 667 4038 nihil
690 3989 737 4041 est
756 3980 839 4039 aliud
848 4000 970 4058 ,quam
995 3991 1178 4042 commutare
1198 4001 1322 4044 manum

202 4063 284 4140 quod
307 4074 436 4140 nocant,
458 4074 489 4125 et
510 4065 561 4127 ad
569 4065 688 4125 laevum
712 4065 816 4126 orbem
831 4067 970 4127 transire.
1021 4067 1114 4127 lam
1105 4088 1138 4126 ιιι
1153 4065 1219 4145 his,
1241 4088 1322 4148 quae

201 4158 385 4224 sequuntur,
407 4150 491 4210 nulla
510 4161 555 4212 est
572 4149 785 4258 parenthesis,
800 4151 854 4210 sed
875 4151 937 4211 duo
958 4151 1010 4212 illa
1017 4173 1127 4259 ,quae
1145 4152 1207 4212 dici
1225 4174 1322 4233 opor·

200 4230 298 4307 tehat,
327 4233 432 4295 ordine
455 4246 620 4298 memorate
640 4245 728 4296 sunt:
757 4232 791 4299 τὸ
814 4233 870 4346 ydp
894 4230 1060 4345 ἀριστερὸν
1075 4236 1190 4319 μέλλων
1211 4239 1321 4342 αἴρειν,

200 4313 236 4382 ts
260 4311 369 4383 νονίαν
383 4344 423 4384 αν
441 4346 580 4405 αρχαιιο,
600 4313 750 4389 mitons
769 4319 868 4389 ἐπὶ
831 4347 868 4388 ια
881 4317 1025 4406 ιῦιὶννμα
1039 4316 1289 4408 ἄναστριφοι,’
1252 4347 1322 4390 sore
1344 4322 1347 4327 ’
