2826 4904
182 328 249 394 m
486 363 488 367 -
579 319 901 383 nlssnuotolo

183 499 288 598 τῆς
260 487 398 577 Ιωιίαι
420 480 475 592 ‘atq
489 493 537 566 dr
553 489 637 567 κατ’
653 487 756 568 adan
780 493 804 592 ἢ
825 521 942 592 propp
929 495 1074 569 πλέον
1095 497 1170 570 auia
1188 492 1300 570 dura·

83 668 87 679 .
183 601 330 678 uaniora:
362 599 410 669 uic
430 605 529 668 recto
551 597 629 668 cod
654 594 764 666 Mosc
792 621 859 690 pro
885 596 1027 690 vulgato
1051 593 1147 672 suad
1170 597 1300 684 ταυιό,

182 708 205 774 i
227 728 256 774 e.
279 710 318 772 ut
348 700 474 770 Imrioe
493 699 680 794 longitudo
701 701 898 773 admodum
914 701 1021 772 locon
1044 703 1167 772 stadio
1187 704 1300 772 couti-

181 817 282 903 areat,
313 807 372 875 vel
397 805 525 928 ponito
550 804 645 898 piru.
685 805 797 892 Quid,
831 808 992 891 obsecro,
1029 805 1088 875 hio
1113 805 1176 874 sibi
1197 806 1303 874 vellet

181 940 276 986 soso
267 898 441 985 vaurd?
466 906 684 977 sedmlooo
699 908 955 981 lexiciSGerm.
979 910 1085 999 quiin
1105 908 1301 1033 adqotatio-

181 1018 279 1085 nibus
301 1013 346 1082 ad
361 1011 510 1104 Gregor.
530 1031 567 1101 p
591 1006 653 1085 bi.
672 1010 828 1099 affertur,
863 1035 974 1103 neque
993 1012 1065 1083 hoc
1082 1010 1168 1086 κατ’
1192 1007 1301 1098 αὐτό,

182 1120 277 1190 caius
300 1116 406 1186 modo
432 1115 588 1205 exempla
610 1114 769 1201 vidimus,
801 1140 912 1206 neque
934 1109 1029 1189 sosoi
1047 1108 1165 1188 vaurd
1172 1170 1186 1206 ,
1212 1139 1302 1204 qnae

183 1223 374 1293 coniectura
399 1217 617 1285 eruditissimo
640 1216 776 1305 Baetin,
808 1219 1013 1289 festinantius
1038 1219 1156 1289 locum
1185 1218 1302 1312 adspi-

183 1327 303 1412 cienti,
328 1319 469 1405 excidit,
494 1319 725 1408 quaerendum
746 1329 804 1389 est.

703 1632 814 1756 xvj
894 1623 899 1635 ¹

454 1851 544 1924 Αὐτὸ
570 1853 685 1943 μόνον.
730 1854 856 1938 Adros.
908 1856 1031 1937 Αῧτως.

320 1966 332 2003 b

47 2137 49 2142 Ι
230 2111 234 2121 .
284 2049 438 2120 Similem
457 2049 753 2142 significationem,
785 2051 847 2120 sed
869 2050 1035 2120 diversam
1059 2058 1173 2121 tumen
1196 2051 1305 2120 habet

181 2145 277 2229 adad
301 2146 438 2248 μόνον,
465 2152 511 2222 de
526 2153 685 2244 quavide
707 2153 871 2226 Valcken.
893 2154 939 2222 ad
962 2155 1086 2247 fragm.
1109 2155 1243 2225 callim.
1264 2179 1302 2248 p.

181 2257 242 2326 28.
260 2267 294 2326 et
309 2257 415 2325 Bastii
436 2258 532 2349 epist.
556 2256 628 2326 crit.
655 2279 691 2348 p.
717 2253 801 2326 135.
824 2255 880 2331 ed.
898 2258 993 2349 Lips
1032 2257 1105 2326 Sed
1123 2259 1210 2331 iliud
1233 2282 1302 2327 non

179 2361 281 2431 video
303 2383 324 2429 a
345 2383 522 2453 quoquam
542 2361 808 2445 animadversum
830 2384 917 2448 esse,
951 2361 1108 2429 eamdem
1128 2362 1303 2456 significa-

158 2464 323 2550 'tionem‚
350 2488 418 2555 qna
432 2464 634 2533 recentiores
656 2458 750 2538 αὐτό
771 2457 888 2559 μόνον
909 2463 1081 2551 dixerunt,
1108 2466 1203 2558 apud
1224 2466 1303 2534 Ho-

179 2590 312 2639 merum
334 2567 370 2636 in
392 2567 555 2637 adverbio
580 2565 697 2647 αὔτως
715 2567 863 2638 inveniri.
894 2567 949 2636 De
970 2589 1039 2657 qno
1054 2567 1219 2638 adverbio
1229 2567 1302 2638 hoo

179 2671 288 2771 magis
311 2669 369 2742 hic
394 2655 634 2762 explicandum
659 2669 758 2758 duxi,
806 2670 902 2760 quod
935 2671 1141 2762 ineptissimo
1174 2671 1221 2740 de
1260 2694 1301 2740 eo

180 2775 362 2846 commenti
388 2783 465 2841 sunt
492 2773 713 2866 grammatici
778 2775 825 2843 Et
846 2774 886 2841 hi
917 2774 1057 2863 quidem
1085 2773 1155 2844 dno
1184 2775 1302 2843 distin-

179 2884 288 2972 guunt
307 2875 485 2962 adverbia,
513 2873 645 2960 αὔτως,
671 2875 783 2964 qnod,
808 2877 930 2945 mirum
954 2877 1066 2963 dictu,
1091 2900 1113 2944 a
1140 2878 1301 2946 feminino

181 2977 292 3076 αὕτη,
317 2985 354 3045 nt
380 2974 539 3057 advoca
556 2979 764 3064 masculino,
791 2978 917 3048 dictum
931 2988 1067 3072 putantz
1092 3003 1124 3048 v.
1143 2981 1301 3049 Favorin.

178 3082 214 3151 in
232 3104 264 3149 v.
280 3076 399 3161 αὔτως
415 3088 449 3148 et
466 3076 599 3170 οὕτωις
625 3078 812 3171 eteriano,
827 3082 933 3171 'quod
949 3083 1143 3152 Eustathius
1161 3106 1198 3176 p.
1215 3081 1300 3170 235,

178 3181 215 3253 5.
240 3181 341 3270 4⁰7,
366 3181 426 3250 42.
453 3182 612 3268 Aeoliae,
637 3205 673 3275 p.
687 3179 808 3270 1755,
835 3181 896 3260 15.
923 3196 1038 3255 autem
1058 3188 1174 3258 ionice
1190 3187 1302 3256 lenem

179 3287 343 3416 spiritum
355 3285 487 3354 habere
508 3285 610 3372 dicit,
648 3310 854 3377 quamquam
878 3298 1051 3381 postremo
1083 3291 1164 3358 loco
1194 3290 1302 3376 addit,

179 3391 204 3488 ἢ
229 3389 290 3462 καὶ
315 3415 360 3471 ως
384 3383 460 3463 α’πό
477 3388 559 3461 aad
589 3383 719 3482 αὐτόις
762 3391 818 3459 alii
849 3402 962 3460 autem
993 3393 1207 3485 grammatici
1236 3415 1301 3485 pro

180 3489 433 3573 de'aucdictum
448 3491 688 3589 opinabantur.
714 3515 745 3560 v.
764 3494 877 3583 Etym.
894 3495 946 3563 M.
971 3519 1007 3587 p.
1019 3494 1113 3582 2Ἱ2,
1139 3494 1202 3570 42,
1229 3498 1302 3564 Zo-

180 3617 252 3668 nar
277 3618 314 3687 p
337 3593 423 3663 349.
447 3582 636 3662 Ferorin
626 3618 663 3664 ιιι
682 3617 713 3664 v
746 3593 872 3679 αὔτως
923 3600 971 3667 At
998 3622 1103 3668 uuum
1131 3609 1237 3668 exstat
1269 3606 1302 3667 et

181 3699 292 3768 solnm
314 3697 512 3766 adverbium
535 3695 666 3787 αὕτως,
685 3697 777 3769 cuius
783 3700 980 3789 quidem
955 3722 983 3769 ιι
1001 3702 1066 3768 alia
1086 3701 1202 3772 adhuc
1227 3701 1302 3773 for·
1307 3707 1310 3722 ²

135 3807 260 3886 uma,
293 3798 431 3891 αὕτως,
465 3791 625 3891 usurpata
653 3801 741 3887 init,
783 3825 859 3872 earn
895 3812 953 3872 ant
989 3805 1181 3874 Atticorum
1216 3827 1303 3899 pro-

181 3906 295 3997 priam
341 3903 442 3972 fuisse
482 3903 710 3990 crediderim,
763 3913 848 3994 qu'os
894 3930 1014 4012 aspero
1063 3908 1181 4000 spiritu
1238 3907 1302 3976 de-

181 4007 324 4091 lectatos
356 4029 429 4075 esse
456 4006 624 4092 norimus,
665 4017 725 4075 ent
763 4006 987 4100 excogitatam
1019 4032 1090 4079 esse
1123 4035 1146 4078 a
1183 4032 1303 4102 gram-

181 4110 329 4195 maticis,
371 4133 419 4179 eu¹
438 4130 582 4200 quornm
614 4111 789 4180 subtilibus
826 4113 963 4182 inventis
993 4112 1101 4181 mblta
1131 4114 1166 4181 in
1204 4136 1304 4182 nsum

179 4211 223 4279 'et'
246 4210 519 4283 ¹consuetudinem
545 4223 722 4298 venerunt,
754 4230 823 4285 non
844 4236 939 4286 secus
966 4237 1008 4285 ac
1036 4216 1182 4286 nuncin
1208 4215 1304 4287 Ger-

181 4315 313 4388 manica
338 4316 457 4411 lingua
478 4315 879 4411 pusillorumhominnm
904 4318 1170 4392 distinctionibus
1195 4341 1304 4392 novus
