2826 4904
206 315 250 376 26
523 309 965 371 nu-Ponsuos

208 480 520 574 cogitationessunt,
534 481 729 550 etformam.
754 481 1201 574 Accogitatiouumquidem
1208 482 1320 550 diver-

206 587 327 671 sitates,
342 608 424 675 quas
437 586 681 678 perspicuitatis
690 608 804 655 caussa
814 586 926 676 primo
940 586 1019 652 loco
1031 585 1321 675 pertractabimus,

206 711 311 778 quum
320 689 363 756 ab
373 688 587 780 experientia,
596 710 683 776 quae
692 698 884 757 tumrerum
890 687 1086 755 inexhausta
1097 689 1321 775 multitudine,

205 801 278 860 turn
292 800 447 859 notarum
471 790 738 860 coniunctissima
757 792 919 859 affinitate
934 792 1080 858 animum
1097 792 1208 859 obruit
1220 800 1322 879 atque

207 892 392 978 confundit,
404 895 490 962 sumi
503 903 679 984 nequeant,
690 895 734 962 ad
742 895 852 986 ipsum
857 894 1003 961 animum
1009 893 1153 961 hominis
1164 896 1321 984 cogitan-

204 997 247 1064 tis
261 996 470 1065 redeundum
488 1005 551 1082 est,
568 1006 668 1087 atque
681 997 779 1083 inde,
799 997 974 1087 quomodo
988 996 1134 1085 aliquid,
1154 996 1322 1086 quidquid

80 1130 83 1137 ¹
204 1099 292 1168 illud
306 1100 365 1185 sit,
381 1101 585 1192 cogitatione
599 1110 834 1193 persequatur,
851 1099 1134 1192 cognoscendum.
1159 1101 1239 1167 Non
1253 1121 1322 1191 po-

204 1210 269 1270 test
290 1211 404 1270 antem
423 1203 482 1271 hic
505 1204 571 1271 alia
591 1205 832 1296 cogitationum
856 1203 1105 1295 compositionis
1126 1202 1320 1293 discrepan-

204 1306 253 1372 tia
265 1305 424 1396 cogitari,
449 1329 551 1395 quam
567 1306 672 1393 haec,
697 1307 792 1396 quod
809 1316 866 1375 aut
880 1330 945 1399 per
959 1330 995 1374 se
1008 1315 1042 1374 et
1055 1307 1241 1375 necessario
1258 1326 1322 1373 co-

204 1406 362 1494 haerent,
388 1418 445 1477 aut
457 1411 559 1477 animi
572 1412 679 1478 libere
694 1411 845 1502 vagantis
864 1410 1001 1477 arbitrio
1017 1411 1207 1500 iunguntur.
1232 1410 1321 1476 Nam

205 1534 309 1600 quum
322 1533 432 1600 neque
446 1513 541 1604 leges
556 1513 746 1605 cogitandi,
765 1536 847 1602 quas
862 1513 989 1601 ubique
1003 1513 1173 1580 observari
1183 1534 1322 1580 necesse

205 1622 272 1699 est,
299 1624 453 1705 spectare
472 1616 531 1685 hic
544 1616 663 1702 liceat,
688 1638 799 1705 neque
822 1639 935 1685 rerum
948 1616 1193 1684 tractandarum
1208 1614 1319 1681 diver-

203 1717 325 1803 sitates‚
340 1741 428 1806 quae
440 1719 486 1787 ab
500 1721 704 1811 experientia
716 1719 884 1811 petendae
901 1727 985 1805 sunt,
1000 1740 1044 1787 eo
1060 1718 1150 1786 trahi
1165 1718 1320 1803 debeant,

204 1821 276 1888 sola
286 1822 488 1889 necessitatis
499 1825 605 1909 ratio,
631 1846 699 1911 qua
712 1825 799 1890 inter
813 1846 850 1890 se
864 1823 995 1891 iunctae
1011 1822 1074 1889 sint
1088 1822 1321 1913 cogitationes,

205 1921 250 1990 ad
263 1923 402 2011 aliquod
415 1923 594 1994 discrimen
613 1926 882 1996 constituendum
902 1926 1018 1993 relicta
1034 1933 1091 1993 est.
1142 1925 1196 1991 Ea
1209 1933 1322 1991 autem

103 2111 106 2117 Ι
203 2022 274 2094 hoc
295 2026 479 2111 iudicatur,
505 2028 600 2116 quod
622 2052 679 2114 ea,
700 2050 789 2117 qnae
813 2030 887 2116 quis
909 2028 1059 2095 oratione
1078 2028 1232 2117 exponit,
1264 2034 1322 2093 aut

202 2128 261 2195 illa
283 2128 428 2219 ipsese,
454 2153 557 2218 qnam
576 2139 717 2217 tractat,
743 2132 970 2214 continentur,
996 2138 1053 2196 aut
1066 2131 1168 2221 ipsius
1181 2128 1322 2197 dicentis

64 2258 70 2267 ·
203 2232 377 2323 opinione,
401 2255 514 2300 rerum
527 2234 772 2319 similitudines,
797 2233 1130 2327 propinquitatesque
1145 2231 1320 2323 captantis,

201 2344 386 2404 nectuntur.
436 2335 725 2427 Philosophorum
738 2360 891 2405 sermone
906 2339 1010 2404 altera
1022 2337 1215 2420 subiectiva‚
1235 2337 1320 2402 alte·

201 2461 241 2506 ra
258 2439 424 2508 obieetiva
442 2441 686 2532 cogitationum
708 2440 898 2509 coniunctio
914 2440 1090 2506 diceretur.
1140 2437 1225 2505 Inde
1250 2438 1321 2504 duo

67 2540 71 2563 ⁵
201 2564 328 2634 genera
351 2564 495 2632 poeseos
516 2553 712 2627 nascuntur,
738 2543 899 2624 alterum,
931 2540 1026 2629 quod
1046 2563 1087 2608 ex
1110 2543 1160 2607 rei
1182 2542 1321 2608 alicuius

200 2645 415 2734 partiumque
429 2645 498 2711 eins
524 2645 731 2711 enarratione
744 2650 883 2724 constat,
899 2642 1052 2724 alterum,
1071 2643 1108 2707 in
1123 2663 1191 2729 qno
1205 2651 1320 2731 poeta,

201 2747 300 2814 nullis
317 2748 505 2836 argumenti
519 2746 640 2813 finibus
650 2743 812 2830 inclusus,
834 2744 960 2829 libere,
979 2742 1144 2831 quidquid
1158 2743 1319 2829 videatur,

203 2848 320 2938 arripit
337 2848 587 2938 componitque.
637 2848 793 2932 Quorum
810 2855 1019 2938 postremum
1038 2847 1164 2936 lyricae
1176 2870 1321 2937 poeseos

201 2952 337 3021 nomine
353 2952 609 3042 appellabimus
625 2951 719 3019 cuins
728 2950 771 3016 ah
785 2949 824 3016 iis
838 2958 966 3016 tautum
982 2959 1141 3040 corrupta
1154 2960 1203 3017 est
1215 2951 1320 3041 signi-

201 3054 327 3139 ficatio,
343 3055 402 3141 qui
412 3055 497 3122 falsa
513 3054 707 3121 definitione
724 3051 861 3143 decepti
873 3042 981 3120 aliena
996 3062 1031 3120 et
1044 3055 1226 3145 peregrina
1236 3054 1319 3120 illuc

201 3157 395 3226 retulerunt.
445 3158 600 3225 Alterum
624 3179 730 3247 genus
750 3156 811 3223 nisi
824 3156 897 3244 quis
919 3158 962 3224 ab
984 3157 1032 3224 rei
1052 3157 1191 3226 alicuius
1209 3177 1319 3247 expo-

200 3261 336 3345 sitione,
363 3262 573 3352 excgeticum
592 3260 764 3328 nominare
785 3260 882 3345 velit,
909 3260 1045 3351 epicum
1071 3260 1185 3328 vocari
1207 3281 1321 3325 suase-

200 3363 280 3448 rim,
306 3362 374 3432 sive
391 3365 435 3432 ab
451 3363 581 3437 heroici
598 3363 751 3434 canninis
766 3362 946 3454 dignitate,
976 3363 1044 3430 sive
1060 3363 1156 3451 quod
1169 3361 1239 3431 hoc
1255 3384 1319 3428 vo-

201 3466 325 3535 cabulo
349 3477 583 3557 argumentum
608 3467 730 3558 potius,
752 3488 856 3556 quam
882 3466 1086 3536 tractationis
1114 3465 1200 3532 ratio
1227 3464 1318 3533 desi-

199 3570 296 3663 gnari
309 3569 471 3637 videatur.
560 3575 563 3579 ’

302 3672 381 3742 Hac
396 3673 560 3747 divisione
569 3671 634 3738 alia
647 3671 761 3739 nititur
773 3671 904 3757 divisio,
925 3692 1013 3760 quae
1028 3668 1166 3758 quidem
1181 3668 1226 3735 ad
1242 3691 1317 3736 eam

199 3783 338 3860 tantum,
352 3798 455 3864 qnam
472 3776 604 3864 epicam
618 3774 738 3865 poesin
752 3775 903 3858 diximus,
920 3773 1074 3865 pertinet.
1105 3774 1193 3838 Nam
1212 3793 1317 3860 quum

114 3933 116 3938 .
199 3878 234 3945 in
252 3879 365 3966 lyricis
386 3879 587 3951 carminibus
608 3878 850 3969 cogitationum
874 3875 1063 3945 coniunctio
1079 3876 1180 3965 plane
1199 3875 1316 3958 libera,

200 3981 366 4069 nullisque
388 3983 525 4049 omnino
544 3980 675 4070 legibus
697 3979 853 4048 adstricta
866 3978 931 4063 sit,
953 4001 1000 4045 ex
1014 3977 1081 4048 hac
1096 3987 1186 4046 certe
1203 3977 1317 4043 nullae

201 4082 367 4151 ducentur
378 4080 491 4170 notae,
496 4083 626 4172 ¹'quibus
639 4083 675 4149 in
688 4082 814 4170 aliquas
826 4089 938 4172 partes
952 4080 1056 4149 dividi
1064 4075 1174 4174 queat.
1206 4080 1317 4170 Epica

200 4207 282 4254 vero
302 4189 415 4276 poesis
440 4210 546 4276 quum
569 4184 789 4255 necessariam
806 4184 999 4273 quamdam,
1022 4185 1192 4274 ipsiusque
1213 4205 1316 4273 argu-

194 4282 304 4357 'menti
315 4297 434 4357 natura
440 4291 612 4359 delinitam
625 4287 869 4382 cogitationum
881 4287 1130 4360 cohaerentiam
1138 4286 1316 4370 contineat,
