2826 4904
133 315 186 376 ou
207 311 320 374 vunu.
333 308 439 384 va.
455 305 600 369 caract
614 305 758 368 meuse.
772 306 1123 382 mummolenus.
1165 313 1209 375 τι
1252 302 1255 307 ’

92 497 197 556 strum
212 483 465 574 adspernantur.
516 481 699 552 Difficilior
717 482 867 571 quaestio
886 491 952 566 est,
978 482 1062 571 quid
1084 483 1126 548 sit
1146 508 1208 574 με.

94 581 348 683 ταβάλλισθαι
369 578 438 682 τήν
459 586 647 659 ἱππασίαν.
697 586 741 654 hl
761 584 894 652 uidetur
917 608 988 653 esse
999 585 1129 653 variare
1143 608 1211 676 gy.

93 716 169 777 ros,
202 691 241 758 id
263 699 315 757 est
336 712 357 756 e
381 688 501 756 dextro
513 688 568 777 ad
585 689 768 775 sinistrum,
795 699 829 756 et
849 690 894 756 ab
909 687 981 757 hoc
995 689 1045 756 ad'
1056 688 1211 757 dextrum

92 795 252 878 transire,
278 792 374 882 quod
394 792 497 860 nostri
512 791 731 885 chongiren,
757 792 949 878 weclweln,
974 790 1049 885 auf
1064 792 1125 861 die
1144 815 1210 860 an-

94 902 185 968 dere
212 898 314 965 hand
343 895 667 989 gehenapptllant
725 897 804 964 Nou
831 919 904 963 sum
928 898 1078 980 nescius,
1110 919 1213 986 posse

94 1004 168 1072 hoc
189 993 489 1094 μεταβάλλεσθαι
512 992 580 1095 τήν
606 999 782 1078 ἱππασίαν
800 1000 902 1071 etiam
926 1000 974 1067 εἰσ
986 1000 1150 1091 intelligi,
1174 1009 1214 1066 ut

95 1105 306 1198 significetur
325 1102 363 1169 id
376 1101 472 1192 quod
486 1124 575 1171 nuuc
590 1123 736 1172 renvere
756 1102 811 1171 vel
823 1103 916 1171 volte
927 1100 1110 1170 renoersee
1125 1102 1214 1170 dici-

97 1221 173 1294 tur,
207 1217 242 1276 et
262 1205 400 1295 quidem
427 1205 490 1274 has
513 1207 658 1276 maxime
684 1207 730 1273 ob
759 1229 909 1290 caussas,
941 1207 1090 1297 primum
1118 1204 1215 1295 quod

90 1314 177 1396 illa,
210 1337 256 1384 τσ
248 1302 578 1404 μεταβάλλεσθαι
597 1303 666 1408 τήν
681 1308 857 1382 ἱππασίαν
875 1305 1042 1402 άγαθάν,
1068 1316 1129 1382 ἱνα
1145 1304 1215 1402 άμ·

98 1410 259 1513 peiusque
281 1419 321 1485 αἱ
342 1405 480 1506 γνάθοι
493 1407 587 1485 ιαθ
606 1413 780 1509 ἑκατέραν
794 1413 858 1509 τῆς
873 1411 1046 1493 ἱππασίας
1061 1405 1214 1498 ι’σάζων-

98 1546 183 1602 ται,
208 1517 337 1607 optime
356 1515 392 1582 iu
408 1513 479 1584 hoc
500 1538 607 1608 genus
624 1516 834 1605 equitationis
852 1516 1036 1606 quadrent,
1060 1524 1097 1582 ut
1111 1536 1217 1604 quum

97 1624 136 1691 in
155 1621 291 1688 laevum
312 1642 436 1711 gyrum
457 1619 575 1688 dextra
595 1621 730 1689 tolutim
758 1621 843 1704 itur,
884 1620 944 1687 ubi
958 1618 1095 1685 dextris
1104 1617 1217 1701 frenis,

99 1748 307 1847 quamquam
328 1725 364 1790 iu
377 1724 476 1791 laevo
491 1724 600 1809 flexu,
625 1724 769 1792 maxime
783 1745 869 1812 opus
883 1731 947 1802 est3
973 1720 1096 1789 deinde
1111 1719 1218 1810 quod,

101 1828 130 1896 si
158 1820 460 1922 μεταβάλλεσθαι
482 1853 551 1922 την
580 1826 757 1899 ἱππασίαν
784 1835 834 1897 est
861 1825 1058 1917 simpliciter
1087 1833 1219 1893 mutare

100 1953 247 2024 gyrum,
272 1928 368 2020 quod
386 1929 587 2023 changiren
601 1939 740 2016 vocant,
765 1929 824 1997 id
815 1953 927 2021 ipsa
901 1930 962 1998 rlla
973 1928 1219 2010 exercitatione,

99 2057 189 2124 quae
204 2037 292 2131 πέδη
304 2033 445 2119 dicitur,
471 1978 756 2166 comprehensum
771 2058 840 2102 esse
853 2034 1024 2117 videatur,
1050 2038 1222 2123 quae,ut

63 2174 66 2182 ·
99 2138 149 2207 ait
185 2136 399 2226 Xenophon,
439 2134 498 2209 ἐπ’
510 2134 725 2257 c’pqors‘pcc
745 2131 810 2215 ταῖς
833 2130 971 2229 γνάθος
993 2137 1221 2230 στρέφεσθαι

99 2239 228 2322 ἐθίζει.
293 2239 429 2304 Tamen
451 2261 521 2323 quo
547 2242 657 2306 minus
675 2241 846 2305 inversum
865 2258 1010 2326 gyrum,
1042 2258 1121 2304 eum
1142 2234 1221 2302 dico

99 2361 210 2431 quem
238 2338 331 2406 volte
355 2335 538 2405 renversee
564 2338 758 2428 appellant,
803 2338 1064 2430 intelligendum
1092 2347 1223 2429 putem,

100 2441 292 2536 quaedam,
319 2462 427 2528 eaque
456 2462 526 2508 nou
551 2442 641 2508 levia
662 2443 806 2508 obstant.
855 2442 1007 2509 Primum
1022 2464 1065 2510 eo
1084 2442 1224 2523 iuloco,

103 2547 166 2618 ubi
186 2543 382 2634 Xenophon
403 2543 493 2611 illud
505 2536 809 2637 μεταβάλλεσθαι
826 2535 895 2640 τήν
912 2542 1088 2617 ἱππασίαν
1102 2546 1138 2612 in
1152 2542 1225 2634 pri-

103 2651 167 2721 mis
180 2657 299 2738 aptum
312 2669 382 2714 esse
395 2646 478 2715 dicit
493 2646 539 2714 ad
551 2668 676 2735 equos,
701 2648 762 2736 qui
782 2647 888 2715 altera
904 2648 970 2715 oris
988 2656 1088 2738 parte
1108 2647 1226 2715 durio-

104 2777 160 2824 res
181 2752 245 2820 sint
262 2750 535 2843 cognoscendos,
566 2750 734 2817 nonsatis
753 2751 872 2837 video,
902 2751 930 2819 si
951 2750 1099 2820 inversus
1122 2773 1226 2843 gyrus

106 2856 252 2947 intelligi
279 2855 422 2943 debeat,
461 2853 638 2944 quomodo
667 2853 727 2923 hic
750 2853 796 2920 ad
822 2878 902 2923 eum
926 2855 1030 2923 finem
1054 2856 1164 2946 magis
1185 2853 1228 2920 sit
1249 2909 1254 2922 ,

102 2960 362 3049 ,idoneusquam
377 2965 488 3029 rectus
503 2980 618 3050 gyrus.
643 2957 754 3026 lmmo
768 2957 907 3050 plurimi
918 2959 1006 3048 equi,
1032 2959 1092 3048 qui
1107 2959 1226 3025 dextro

110 3064 209 3132 freno
223 3085 259 3130 se
272 3062 482 3132 dextrorsum
495 3062 589 3131 flecti
599 3069 764 3148 recusant,
790 3063 920 3130 sinistro
937 3063 1069 3131 facilius
1084 3062 1228 3131 flectun-

109 3177 180 3255 tur,-
207 3166 336 3257 quippe
350 3165 511 3257 adempta
526 3165 573 3232 ad
595 3164 815 3234 resistendum
831 3166 882 3250 ιλ,
907 3165 1108 3232 sinisteriore
1132 3184 1227 3230 armo

110 3278 295 3343 coarctato.
351 3269 399 3337 Et
432 3270 481 3339 sic
511 3268 613 3336 etiam
646 3268 706 3354 qui
737 3268 783 3335 ad
807 3268 941 3335 laevam
976 3267 1069 3335 flecti
1099 3267 1228 3333 nolunt
1303 3254 1306 3261 “

110 3375 297 3444 Praeterea
313 3394 420 3460 quum
434 3371 631 3492 Xenophon
650 3371 700 3438 ibi
719 3370 764 3438 de
775 3371 951 3460 emptione
967 3392 1132 3460 equorum
1147 3367 1230 3440 sori-

111 3479 190 3568 hat,
215 3475 272 3545 vix
290 3476 402 3566 potnit
423 3499 548 3567 gyrum
568 3476 736 3543 inversum
757 3473 965 3567 intelligere,
998 3499 1102 3564 quem
1125 3496 1230 3562 equus

112 3603 183 3649 nou
194 3589 325 3672 potest,
351 3579 413 3646 nisi
434 3588 505 3647 arte
519 3579 683 3665 eruditus,
704 3601 882 3672 peragere
933 3579 1067 3647 Deinde
1084 3600 1110 3645 ει
1099 3578 1230 3645 verba

112 3684 201 3752 illa
188 3694 359 3751 inversum
379 3707 504 3776 gyrum
522 3684 765 3775 significarent,
793 3686 917 3752 mirum
930 3684 1039 3767 foret,
1065 3681 1092 3747 si
1112 3679 1231 3746 Xeno-

112 3787 238 3880 phou
228 3810 263 3855 m
285 3788 394 3855 altero
411 3788 510 3874 loco,
535 3788 596 3855 ubi
616 3787 704 3855 illud
717 3786 1018 3880 μεταβάλλεσθαι
1030 3811 1098 3879 την
1113 3787 1230 3853 ἱππα-

115 3889 199 3964 σίαν
224 3892 291 3958 oris
315 3890 494 3959 erudiendi
516 3914 632 3960 caussa
653 3889 919 3974 commendavit,
953 3888 1036 3954 alias
1060 3885 1230 3969 utilitates,

113 4018 199 4085 quas
218 3994 290 4063 hoc
306 4017 413 4085 genus
429 3993 552 4080 habet,
579 4017 703 4083 easque
722 4004 755 4063 et
768 3995 877 4062 multo
894 3991 1057 4075 maiores,
1084 3997 1136 4073 et,
1162 4010 1231 4076 quo

115 4100 262 4167 maxime
282 4098 368 4165 solet
387 4099 577 4219 respicere,
602 4099 781 4184 militareS,
815 4096 986 4165 omisisset.
1021 4092 1100 4177 Quo
1122 4093 1232 4184 magis

116 4202 284 4306 adducor,
308 4210 346 4269 ut
365 4181 667 4295 μεταβάλλεσθαι
688 4228 756 4297 την
780 4196 957 4274 ἱππασίαν
979 4199 1035 4266 de
1046 4198 1233 4266 mutatione

117 4308 214 4399 gyri,
248 4328 355 4396 quum
377 4330 399 4373 a
416 4303 535 4373 dextro
560 4296 605 4372 ari
626 4306 786 4391 laevum,
809 4297 973 4371 abluero
1003 4301 1049 4373 ad
1077 4300 1232 4372 dextrum
