2826 4904
184 310 245 374 128
272 303 369 367 Pons
389 303 429 367 11.
450 303 500 366 DE
515 300 769 365 DIFFERENTIA
789 299 939 364 Prosae
959 300 1010 364 ΕΤ
1023 300 1133 366 POET.
1155 298 1270 366 ORAT.

182 478 283 570 ipsius
304 476 448 546 muneris
476 497 591 545 caussa
615 472 698 542 milri
725 473 869 542 dicenda
893 480 997 571 puto,
1038 472 1138 542 etiarn
1167 475 1289 566 gratias

182 603 287 673 agere
311 589 445 672 oportet
464 579 521 664 iis,
546 599 690 668 quorum
707 576 745 644 id
761 576 900 648 oonsilio
915 586 949 644 et
960 578 1149 667 patrocinio
1173 599 1289 648 eonse-

182 693 302 774 quutus
315 705 398 751 sum.
429 682 482 751 Ao
502 682 570 749 sive
583 682 694 773 ipsum
709 680 912 748 beneficium
931 680 1125 771 respiciam,
1145 682 1289 750 muneris

74 776 77 783 ’
183 787 342 878 dignitas,
375 785 481 854 officii
502 786 666 876 gravitas,
698 781 835 852 honoris
860 783 1047 873 amplitudo
1070 783 1288 874 largissimam

109 944 120 967 .
182 888 375 982 gratulandi
389 887 562 955 materiam
572 888 752 978 praebent3
777 888 846 955 sive
860 908 988 971 eornm,
1010 887 1166 975 aquibus
1184 887 1289 956 tribu-

183 1005 255 1060 tum
277 1000 342 1076 est,
367 990 545 1076 recorder,
571 989 822 1058 Farnsnrcr
844 992 1064 1076 Avovsrr,
1085 989 1290 1058 serenissimi
1327 1006 1330 1016 '

135 1094 364 1186 14Prinoipis,
386 1094 577 1179 clementia,
603 1093 917 1183 sapientissimorum
940 1093 1009 1161 eius
1030 1093 1220 1161 amicorum
1234 1115 1290 1161 au-

184 1199 336 1283 otoritas,
363 1221 417 1265 am
443 1196 554 1264 lissimi
568 1196 692 1264 ordinis
703 1195 988 1287 philosophorum
1007 1198 1117 1288 gratia
1140 1205 1175 1264 et
1197 1216 1290 1266 oom-

183 1301 371 1386 mendatio,
396 1219 539 1367 aiiorum
552 1299 697 1389 denique
711 1322 917 1367 summorum
928 1299 1075 1367 virorum
1088 1297 1237 1366 studium
1255 1290 1291 1368 ao

183 1405 353 1487 voluntas,
378 1403 425 1471 ita
448 1402 533 1471 mihi
553 1411 586 1470 et
603 1411 760 1495 exoptata
774 1412 808 1470 et
828 1403 997 1473 cumulata
1008 1401 1233 1494 contigerunt,
1257 1410 1291 1470 ut

184 1507 270 1576 nihil
292 1529 402 1597 neque
424 1506 467 1573 ad
484 1507 643 1597 pietatem
666 1505 824 1592 sanctius,
849 1529 959 1596 neque
980 1505 1026 1572 ad
1041 1505 1143 1574 animi
1161 1527 1290 1574 sensnm

184 1610 347 1699 antiquius
368 1610 483 1701 gratiis
505 1608 645 1701 agendis
665 1609 794 1677 habere
813 1633 869 1679 me
895 1631 994 1700 posse
1012 1610 1163 1678 arbitrer.
1215 1608 1291 1693 Quo

184 1714 311 1807 magis,
362 1723 400 1780 ut
435 1713 626 1780 Rncroa
666 1715 940 1782 Acnnuurnn
986 1712 1291 1797 Mnanrsrcvs,

184 1837 425 1884 rarncrrns
466 1837 746 1902 cunsrssrnr,
789 1838 988 1885 couruns
1023 1837 1291 1905 rnuvsrnrs-

184 1940 301 2003 smn,
355 1940 622 1988 onnvrssrorr
668 1942 924 2006 vrnrvsovs
975 1939 1290 1990 nnrrvnurous

112 2036 114 2041 '
184 2042 820 2106 Pnocsnns‚non1nrssrnrur
849 2045 1162 2095 urunnrssuur
1190 2043 1290 2092 con-

184 2144 435 2193 nrurronus
464 2123 554 2194 hano
582 2125 769 2195 orationem
788 2136 934 2196 nostram
960 2127 1147 2218 praesentia
1177 2132 1291 2195 suaet

183 2227 369 2318 frequentia
388 2228 559 2298 celebrem
584 2229 730 2300 reddere
756 2231 873 2318 velint,
907 2254 973 2322 qua
1006 2233 1133 2326 pietate
1159 2249 1290 2321 qnoque

185 2331 295 2402 studio
313 2330 428 2417 decet,
452 2355 621 2425 rogamus.
748 2373 749 2376 π
1301 2345 1303 2349 ’
