2826 4904
220 340 285 410 aaa
449 337 509 401 ou
529 309 715 402 amram
746 336 805 399 uu
832 332 1120 400 arnonasuo

224 511 286 582 nlsi
308 518 353 585 θι
376 511 444 582 alio
471 511 576 609 modp
598 510 866 604 pronunciatum.
924 508 1025 578 Vnde
1041 505 1212 579 verissime
1231 530 1346 604 gnam-

224 615 338 684 matici
357 610 490 709 νόσφιν
513 637 578 706 pro
599 608 756 708 νοστόφι
776 614 844 684 dlci
871 612 1058 680 observant
1110 608 1277 703 Vsurpari
1295 622 1347 682 ta·

223 742 303 890 pagg
321 718 384 786 ista
406 718 532 788 deinde
566 740 632 810 pro
666 717 817 809 genitivis
839 726 1044 808 coeperuutz
1074 725 1113 786 ut
1134 713 1233 785 lliad.
1257 716 1346 787 Xlll

355 919 400 1004 cic
424 920 459 998 δ’
485 919 546 998 ὅτ’
570 916 648 997 α’πό
662 922 817 1002 πλατέος
841 913 1013 1016 πτυόφιν.

227 1058 357 1151 Colligi
383 1067 497 1150 potest
524 1084 565 1129 ex
587 1059 784 1127 huiusmodi
815 1056 994 1148 exemplis,
1034 1058 1158 1129 eodem
1182 1059 1345 1131 trahenda

229 1187 301 1233 csse
322 1162 420 1249 talia,
446 1173 484 1232 ut
506 1164 646 1258 μᾶλλον
672 1153 922 1258 ἐνδικώτερος,
965 1157 1070 1235 οὐδὲν
1096 1168 1135 1237 ἕν
1160 1161 1212 1254 *).

292 1497 385 1563 XIV.
407 1498 466 1563 Da
493 1500 566 1575 a'r's,
593 1499 661 1583 qui
679 1499 795 1579 satae
819 1498 1049 1580 pleonaami
1074 1497 1287 1565 dabantur.

316 1692 402 1762 'Sed
424 1692 501 1760 satis
520 1689 704 1761 indicatum
726 1689 879 1776 videtur,
904 1691 963 1780 qui
981 1691 1052 1759 veri
1069 1690 1133 1759 sint
1150 1691 1345 1783 pleonasmi.

226 1797 325 1866 Nunc
340 1796 458 1887 paucis
471 1795 551 1863 illos
567 1795 922 1879 commemorabimus,
948 1795 1006 1883 qui
1026 1794 1113 1862 falso
1130 1794 1165 1864 in
1184 1795 1345 1888 pleonas-

110 1902 113 1907 ’
226 1901 291 1968 mis
319 1908 551 1984 numerantur,
592 1899 719 1987 inquo
745 1920 872 1990 genere
902 1896 1103 1988 explicando
1131 1900 1237 1991 quum
1261 1908 1345 1969 totus

134 2013 136 2019 '
227 2009 379 2072 versetur
406 1998 546 2069 Weiskii
573 2001 679 2087 liber,
712 2023 917 2090 quamquam
941 2003 1000 2069 ille
1023 2024 1136 2095 pauca
1164 2001 1211 2071 de
1236 2004 1347 2072 multis

230 2102 545 2194 comprehendens,
578 2106 741 2172 malumus
768 2103 860 2175 hunc
883 2126 1019 2175 omnem
1043 2106 1189 2191 locum,
1216 2107 1279 2196 qui
1302 2114 1349 2175 cst

230 2207 275 2276 de
297 2207 386 2276 falso
409 2207 625 2299 pleonasmo,
651 2207 686 2274 in
699 2208 821 2276 classes
838 2208 1001 2297 quasdam
1018 2208 1221 2295 describere,
1247 2232 1348 2299 quam

161 2309 368 2404 204siugula
390 2312 547 2403 exempla
564 2312 760 2397 verborum,
787 2335 876 2401 quae
893 2310 1065 2380 abundare
1079 2313 1186 2406 vulgo
1203 2312 1356 2382 credun.

144 2441 147 2448 ·
226 2424 300 2500 tur,
325 2416 536 2507 perscrutari.
594 2414 810 2504 Quamquam
834 2415 870 2481 in
889 2415 1012 2483 horum
1035 2438 1174 2504 quoquc
1197 2417 1349 2508 explica-

225 2519 319 2587 tione
341 2517 436 2608 haud
457 2539 569 2612 pauca
590 2529 682 2602 sunt,
708 2520 883 2607 inquibus
903 2543 924 2586 a
939 2519 1090 2587 Weiskio
1103 2519 1348 2591 discedendum

226 2631 394 2712 putamus,
419 2621 583 2690 utstatim
599 2621 634 2689 in
646 2621 715 2706 his,
741 2644 830 2710 quae
846 2622 890 2690 de
903 2624 1103 2715 pleonasmo
1119 2623 1253 2694 articuli
1266 2625 1350 2694 scri·

227 2724 295 2809 bit,
322 2724 382 2791 ubi
410 2747 515 2812 quum
537 2724 605 2792 alia
630 2726 810 2810 miramur,
843 2736 914 2793 turn
935 2726 1023 2812 hoc,
1056 2726 1152 2817 quod
1172 2750 1209 2820 p.
1233 2726 1294 2795 ³4.
1313 2728 1349 2795 in

226 2825 463 2917 Xenophontis
483 2828 542 2895 lib.
563 2827 621 2894 lll.
644 2827 689 2896 de
709 2828 916 2898 institutione
940 2829 1022 2920 Cyri
1043 2854 1119 2921 cap.
1145 2828 1190 2915 3,
1212 2828 1250 2898 4.
1281 2824 1349 2903 τόν

228 2925 343 3024 ἄνδρα
359 2922 505 3023 ἁγαθόν
523 2929 658 2999 Graece
679 2930 747 3001 dici
762 2932 909 3021 potuisse
924 2941 1036 3024 putat,
1062 2935 1185 3002 talibus
1205 2934 1349 3004 fortasse

226 3030 311 3101 loeis
328 3030 512 3118 adductus,
538 3034 644 3123 qualis
660 3032 718 3102 hic
736 3034 920 3126 Sophoclis
942 3045 991 3105 est
1008 3037 1043 3103 in
1057 3035 1188 3105 Tracla
1207 3033 1297 3105 936.

355 3164 539 3241 κάνταῦθ’
564 3167 586 3243 o‘
604 3175 687 3252 παῖς
703 3164 875 3270 δύστηνος
893 3169 976 3247 οὔτ’
1000 3167 1218 3272 ὀδυρμάτων

354 3265 511 3373 ἐλείπετ’
535 3268 649 3347 οὐδέν.
924 3301 925 3305 ’

227 3408 298 3477 Sed
312 3408 373 3475 ista
386 3409 611 3499 relinquamus
627 3412 698 3478 aliis
719 3411 973 3501 perpendenda.

329 3511 376 3580 Et
397 3515 557 3601 quoniam
586 3537 688 3606 supra
712 3516 933 3601 ostendimuS,
969 3537 1085 3584 verum
1112 3515 1350 3607 pleonasmum

227 3638 318 3701 esse,
343 3637 413 3705 quo
433 3615 561 3706 aliquid
584 3619 632 3686 sic
656 3616 818 3704 addatur,
850 3619 886 3687 id
907 3630 944 3686 ut
958 3621 1061 3711 plane
1075 3640 1143 3687 non
1164 3617 1349 3710 cogitetur,

227 3727 382 3810 apertum
395 3727 461 3804 est,
487 3720 577 3788 male
594 3721 629 3789 iu
651 3720 853 3811 pleonasmis
876 3745 931 3791 eas
956 3722 1145 3791 locutiones
1166 3720 1349 3806 numerari,

226 3824 262 3889 iu
289 3823 409 3912 quibus
429 3821 484 3909 id,
511 3823 606 3913 quod
631 3825 804 3894 abundare
823 3834 977 3919 putatur,
1005 3825 1135 3896 etiamsi
1151 3825 1264 3894 omitti
1280 3845 1350 3917 po-

227 4030 434 4052 *—

268 4155 297 4244 *)
320 4161 379 4222 Sed
401 4162 458 4224 ista
480 4165 622 4244 quoniam
643 4163 770 4225 fortiora
796 4175 885 4244 suut,
915 4188 978 4226 nou
1007 4174 1078 4226 suut
1105 4164 1138 4233 iu
1164 4164 1351 4248 pleonasmis

225 4247 435 4315 numeranda.x
466 4249 548 4310 Addi
568 4249 615 4309 his
635 4259 763 4331 possunt
784 4251 855 4325 alia,
876 4261 912 4312 ut
932 4247 1034 4326 οὐδεὶς
1054 4260 1084 4312 et
1106 4274 1152 4327 τις
1175 4250 1350 4326 coniuncta,

226 4331 265 4392 de
289 4331 398 4414 quibus
419 4333 491 4397 vide
513 4355 590 4417 quae
612 4335 756 4399 adnotavi
777 4337 815 4398 ad
837 4338 941 4421 Eurip.
964 4337 1077 4412 Alcest.
1098 4341 1151 4404 79·
1258 4331 1269 4351 ⁰
