2826 4904
137 1204 724 1300 ousuuvnuronus
777 1210 867 1299 on
931 1208 1295 1323 ennoean,

315 1358 623 1449 uruovnn
680 1361 1070 1454 ornuucrrs.

140 1821 147 1837 κ
178 1816 189 1845 r

138 1845 306 1956 Graecae
329 1886 469 1978 liuguae
484 1886 637 1978 cognitio
656 1884 710 1954 his
734 1887 942 1980 temporibus
967 1910 1155 1979 paucorum
1176 1887 1284 1980 qui-3

137 1987 234 2074 dem,
260 1988 321 2056 sed
340 1992 535 2060 eximiorum
554 1990 730 2059 hominum
746 1993 879 2076 studiis,
906 2015 964 2060 eos
982 2015 1181 2084 progressus
1197 1991 1260 2059 fe·-

136 2091 200 2176 cit,
226 2101 265 2159 ut
287 2091 459 2162 doctrinae
480 2097 560 2163 loco
582 2094 704 2162 haberi
725 2116 826 2181 posse
851 2095 1001 2183 incipiat.
1057 2095 1254 2162 Doctrinam

136 2202 253 2262 autern
275 2193 416 2261 dicimus
436 2197 600 2265 eiusmodi
624 2196 814 2278 seientiam,
841 2218 930 2282 quae
954 2205 987 2262 et
1009 2195 1107 2262 certis
1128 2194 1255 2262 funda-

133 2295 260 2364 mentis
278 2295 419 2378 nitatur,
447 2306 480 2363 et
497 2297 594 2386 leges
612 2295 775 2383 quasdam
792 2295 937 2382 habeat,
963 2298 1083 2385 quibus
1105 2297 1255 2386 amplifi-

137 2396 210 2466 cari
234 2404 268 2462 et
286 2398 454 2487 perpoliri
476 2399 591 2488 possit.
641 2399 730 2464 Nam
754 2408 787 2465 et
808 2400 931 2482 multa,
957 2422 1044 2487 quae
1059 2409 1135 2467 ante
1152 2398 1256 2466 dubia

139 2507 249 2582 erant,
283 2523 374 2569 nune
398 2502 582 2592 explorata.
596 2500 779 2584 habemuS‚
807 2512 840 2568 et
863 2501 945 2584 alia,
973 2502 1154 2590 dequibus
1178 2509 1257 2568 aute

139 2625 240 2670 nemo
264 2602 459 2688 dubitabat,
492 2605 619 2672 nescire
640 2625 701 2670 nos
723 2605 860 2672 scimus:
884 2606 931 2672 ita
951 2614 988 2671 ut
1011 2607 1115 2672 altera
1131 2604 1256 2671 horum

141 2707 315 2796 ignorare,
347 2706 454 2774 altera
474 2707 559 2776 scire
584 2716 685 2795 turpe
715 2708 765 2774 sit.
823 2707 866 2774 ld
895 2730 999 2794 quum
1019 2709 1172 2776 nonnulli
1186 2729 1255 2774 non

140 2808 317 2876 videantur
345 2809 560 2895 intellexisse,
597 2807 721 2876 horum
741 2832 814 2894 eoS,
856 2810 914 2898 qui
936 2811 1043 2879 sciunt
1068 2834 1156 2899 quae
1178 2811 1255 2879 sciri

141 2920 325 2999 nequeunt,
351 2913 552 3002 plerumque
576 2922 656 2979 nota
680 2914 825 2993 nescire3
858 2914 936 2980 illos
957 2912 1086 3000 autem,
1112 2913 1172 3003 qui
1191 2936 1254 2980 ne-

142 3015 249 3082 sciunt
272 3022 371 3098 uota,
397 3016 482 3082 scire
500 3038 588 3104 quae
609 3038 678 3083 non
698 3025 836 3106 possunt
857 3017 934 3084 sciri
954 3017 1079 3084 videas.
1131 3016 1165 3083 A
1186 3038 1255 3103 qua

142 3117 296 3202 levitate,
322 3139 390 3204 qua
409 3118 496 3185 nihil
520 3119 636 3186 litteris
660 3128 709 3185 est
730 3119 966 3208 perniciosius,
999 3129 1037 3186 ut
1057 3117 1255 3184 dehortarer

141 3219 282 3304 tirones,
324 3221 444 3309 quibus
474 3219 563 3288 haec
595 3220 757 3287 destinata
790 3231 838 3287 est
870 3220 1025 3307 scriptio,
1072 3221 1182 3285 visum
1208 3225 1257 3284 est

142 3321 310 3411 quaedam
327 3323 371 3389 de
386 3323 541 3392 Graecae
553 3322 690 3412 linguae
702 3322 854 3389 dialectis
869 3320 999 3405 dicere,
1025 3343 1093 3388 uon
1105 3321 1165 3387 illa
1179 3321 1255 3411 qui-

143 3424 223 3493 dem
242 3427 379 3517 ignota,
415 3426 476 3493 sed
494 3426 609 3494 multis
630 3435 743 3491 tamen
766 3424 933 3515 neglecta.
985 3425 1047 3492 Est
1070 3434 1181 3492 autern
1197 3424 1256 3493 hic

141 3528 239 3597 locus
254 3529 391 3596 maximi
410 3530 588 3614 momenti,
614 3527 708 3616 quod
723 3529 792 3595 sine
805 3536 961 3598 accurata
977 3527 1046 3598 eius
1062 3529 1256 3618 cognitione

142 3630 253 3698 nullus
267 3631 312 3698 de
333 3631 472 3700 Graecis
488 3633 705 3724 scriptoribus
718 3632 783 3716 ita,
808 3640 845 3698 ut
864 3654 929 3722 par
946 3641 1013 3716 est,
1038 3631 1174 3699 tractari
1188 3650 1257 3719 po-

141 3742 217 3801 test.
268 3735 367 3803 Patet
382 3737 469 3803 enirn
482 3736 659 3820 latissime,
685 3758 794 3824 neque
814 3737 849 3801 in
868 3735 984 3802 formis
1000 3730 1202 3823 quibusdam
1223 3737 1258 3797 et

141 3837 427 3906 terminationibus
440 3839 685 3908 vocabulorum
700 3838 863 3920 consistit,
888 3837 949 3904 sed
963 3837 997 3931 in
1011 3834 1259 3905 constructione

143 3940 344 4026 verborum,
370 3940 405 4007 in
426 3943 690 4031 significatione,
712 3942 747 4009 in
773 3941 889 4008 colore
910 3940 1011 4006 totius
1025 3935 1198 4024 orationiS,
1223 3936 1259 4004 in

143 4043 256 4110 metris
275 4053 308 4111 et
322 4065 495 4128 mensura,
520 4045 699 4132 multisque
714 4044 786 4110 aliis
806 4042 1003 4133 inpartibus
1021 4047 1186 4124 uersatur,
1213 4038 1258 4107 ud
1278 4091 1280 4096 -

143 4168 227 4234 quas
241 4145 550 4214 animadvertendas
562 4134 842 4234 illustrandasque
865 4143 1119 4235 diligentissima
1137 4143 1259 4212 lectio·

144 4271 205 4334 ne,
235 4250 423 4318 acutissimo
446 4249 589 4334 iudicio,
614 4273 716 4342 saepe
742 4250 844 4316 etiarn
865 4248 997 4316 curiosa
1013 4247 1212 4338 antiquitatis
1227 4253 1260 4317 et

195 4351 319 4422 Hunm.
346 4351 412 4423 01³.
438 4354 465 4420 1.
1020 4349 1039 4419 Ι
