2826 4904
202 309 265 377 166
427 309 486 373 DE
506 307 689 375 uuulusl
720 307 779 374 ET
805 303 1091 374 Puuoulsoto

137 484 253 557 locut
273 482 408 551 omnino
427 482 516 555 haec
534 482 687 567 nomina,
720 480 925 570 ubicumque
947 478 1040 571 apud
1061 479 1254 549 Homerum
1268 479 1321 550 in-'

105 671 108 675 ‚
202 589 376 658 veniuntur
397 590 545 680 geintivo
569 588 702 670 iuncta,
732 586 920 677 simplicem
947 585 1076 652 habent
1096 585 1321 654 constructio-

202 715 298 776 nem,
324 701 360 758 ut
375 693 533 784 pretium
561 689 798 780 Ganymedis,
832 711 900 756 non
918 688 1076 780 pretium
1095 709 1165 780 pro
1192 685 1319 778 Gany·

202 794 308 861 mede
338 794 458 862 dixisse
482 793 714 861 existimandus
737 793 787 858 sit.
845 792 916 860 Sed
941 791 1023 857 talia
1042 813 1146 879 quum
1169 812 1231 857 usu
1250 790 1321 858 fre·

203 899 355 985 quentari
375 898 579 987 coepissent,
616 894 781 987 genitivus
801 895 979 985 paullatim
1000 893 1101 960 etiam
1120 893 1190 961 eius
1209 893 1261 960 rei
1274 894 1318 961 si-

203 1001 455 1090 gnificationem
470 999 619 1089 accepit,
645 1020 710 1089 pro
732 1018 800 1088 qua
823 998 908 1089 quid
929 997 1063 1066 daretur
1075 996 1131 1066 vel
1143 996 1319 1088 accipere-

204 1112 267 1171 tur.
319 1105 420 1172 Vnde
441 1103 524 1171 dixit
543 1111 658 1193 poeta,

305 1238 330 1337 ἢ
344 1234 478 1337 χρυσόν
495 1237 602 1335 φίλου
619 1231 750 1336 α’νδρός
769 1238 914 1322 ἐδέξατο
934 1230 1128 1335 τιμήεντα,

204 1398 315 1464 neque
345 1370 480 1472 χρασόν
504 1369 655 1475 ᾆνδρός,
696 1399 808 1465 neque
838 1368 968 1470 α’νιλρός
993 1376 1137 1457 ἐδέξατο
1151 1372 1318 1465 jungens,

204 1478 266 1546 sed
295 1479 387 1546 nudo
415 1502 491 1546 usus
519 1481 686 1571 genitivo,
719 1479 746 1547 is
775 1487 813 1546 ut
842 1488 926 1546 esset
943 1499 1016 1570 pro
1042 1478 1129 1545 viro.
1186 1476 1242 1544 Ex
1264 1475 1317 1542 his

203 1583 364 1672 cognosci
377 1590 507 1710 potest,
533 1582 616 1670 quid
631 1580 842 1649 statuendum
857 1582 897 1648 sit
910 1580 954 1647 de
971 1580 1078 1669 ellipsi
1091 1578 1318 1671 praepositio-

201 1706 284 1753 num
307 1681 390 1757 α’νιὶ
411 1694 445 1752 et
466 1678 541 1779 πρό
563 1694 597 1752 et
618 1682 724 1781 ὑπέρ,
751 1707 818 1772 qua
838 1684 948 1773 quid
939 1706 1007 1751 tam
1030 1692 1096 1768 est,
1129 1681 1225 1772 quod
1259 1703 1318 1750 nos

202 1788 384 1858 commode
405 1810 520 1856 carere
536 1785 742 1906 prohibeat?
768 1785 889 1856 Obiter
908 1788 1067 1870 observo,
1093 1785 1316 1853 Schaeferum

201 1890 237 1956 in
261 1890 392 1957 Aeliani
414 1892 514 1973 loco,
548 1891 605 1978 qui
629 1899 677 1958 est
699 1890 778 1958 Var
789 1863 874 1957 'hist
888 1891 948 1957 lll.
969 1889 1029 1956 16.
1044 1876 1211 1957 Perizonii
1231 1889 1314 1955 alio-

201 2014 344 2080 rumque
368 1993 565 2060 auctoritate
584 2001 720 2083 praeter
733 1995 962 2061 necessitatem
978 1992 1023 2059 de
1037 1992 1118 2061 vitio
1134 1991 1317 2082 cogitasse.

200 2118 305 2184 quem
316 2117 476 2164 revocare
492 2104 625 2184 poterat
642 2096 698 2163 vel
718 2095 896 2164 Theocriti
917 2119 1052 2179 versus,
1080 2095 1201 2163 eadem
1216 2094 1318 2188 pagi-

199 2221 244 2266 na
257 2200 384 2273 allatus.
437 2198 495 2265 Sic
508 2198 607 2265 etiam
622 2197 810 2289 Aeschylus
822 2201 858 2266 in
874 2201 997 2292 Agam.
1023 2194 1110 2266 358.

304 2334 445 2409 πολλῶν
467 2329 538 2433 γαρ
565 2334 705 2416 ἐσθλῶν
727 2329 830 2431 τήνδ’
852 2333 976 2433 ὄνησιν
996 2333 1154 2434 εἱλόμην.

202 2471 324 2560 Neque
343 2472 378 2539 in
394 2472 574 2562 Euripidei
598 2471 785 2542 Erechthei
805 2474 885 2542 loco
912 2472 1092 2543 Schaeferi
1111 2469 1319 2541 emendatio-

200 2595 278 2641 nem
308 2576 512 2666 amplectar,
561 2599 648 2663 quae
678 2574 763 2642 mihi
791 2577 930 2667 quidem
952 2598 1111 2646 enervare
1135 2576 1319 2645 orationem

200 2676 619 2747 videtur.Scribendun1
647 2676 752 2768 puto·

303 2812 400 2906 μισῶ
413 2820 599 2907 γυναῖκας,
626 2823 761 2898 αἵτινες
775 2842 845 2913 προ
863 2845 930 2890 του
917 2815 1058 2889 ιιαλοῦ

303 2915 365 3009 ζῆν
387 2920 517 2997 παῖδας
539 2916 694 3007 ιὶλονθ,
721 2918 996 3016 ὅτιπαρὴνεσαν
1011 2912 1112 2992 nand.

277 3048 388 3118 Venio
417 3051 561 3143 denique
596 3054 641 3121 ad
678 3056 758 3123 alias
794 3055 932 3147 genitivi
965 3055 1253 3172 constructiones,
1282 3053 1316 3121 in

202 3152 323 3242 quib'us
350 3176 452 3223 nemo
478 3157 523 3225 de
544 3157 654 3248 ellipsi
677 3159 935 3250 praepositionis
960 3160 1168 3251 cogitaturus
1192 3140 1316 3242 fuisset,

201 3259 262 3324 nisi
278 3280 419 3344 nomen,
445 3261 490 3328 ad
513 3263 607 3350 quod
622 3263 785 3354 genitivus
802 3263 964 3347 refertur,
989 3263 1121 3352 saepius
1140 3262 1316 3330 delitesce-

134 3370 268 3440 1451et·
325 3361 397 3428 Sed
427 3367 486 3452 qui
515 3367 618 3432 semel
651 3367 840 3434 admonitus
865 3367 1017 3434 usitatam
1045 3365 1140 3432 illam
1175 3365 1317 3433 duarum

200 3462 411 3531 locutionum
449 3469 705 3557 permixtionem
744 3470 948 3553 meminerit,
994 3478 1134 3558 sponte,
1186 3467 1316 3557 opinor,

201 3569 332 3688 ineptas
358 3567 435 3634 istas
465 3571 599 3661 ellipses
631 3581 733 3639 etex
762 3581 859 3663 parte
887 3595 1024 3660 prorsus
1048 3567 1152 3640 invito
1179 3571 1317 3663 linguae
1347 3580 1350 3585 '

202 3671 340 3761 ingenio
362 3673 567 3763 excogitatas
588 3696 746 3762 spernere
765 3674 913 3763 incipiet.
964 3668 1169 3742 Huiusmodi
1187 3687 1263 3742 sunt
1282 3696 1315 3764 p

202 3771 289 3841 669.
317 3772 532 3867 φείδεσθαι,
558 3773 644 3842 671.
677 3771 810 3873 ἐνδεής,
842 3771 960 3866 κενός,
994 3774 1133 3866 ἁθῶος,
1159 3775 1316 3899 ἄπειρος,

109 3906 111 3913 ι
204 3874 419 3971 ateana*
393 3905 491 3968 αγχι,
518 3877 604 3945 6Ί2.
631 3876 831 3975 ἄρχεσθαι,
858 3875 988 3976 λήγειν,
1016 3879 1102 3948 696.
1119 3873 1333 3961 παύεσθαι,

114 4041 118 4046 .
205 3974 389 4062 ἀναπνεῖν,
416 3978 503 4047 Ί65.
529 3988 750 4078 κατηγορεῖν,
777 3979 1003 4079 ὁρμίζεσθαι,
1028 3982 1115 4050 ’[66.
1140 3981 1317 4076 ἄγασθαι,

206 4075 481 4177 εὐδαιμονίζειν,
507 4085 567 4151 uhi
588 4083 792 4152 Schaeferns
809 4084 901 4152 male
927 4086 1160 4177 interpretatus
1181 4094 1232 4152 est
1250 4086 1316 4154 So-

204 4181 341 4270 phoclis
356 4183 496 4253 locum
486 4209 520 4254 ιιι
535 4187 726 4257 Trachiniis
739 4211 770 4257 v.
786 4185 885 4271 365,
905 4210 1007 4275 quem
1021 4191 1143 4258 rectius
1157 4188 1319 4257 intellexit

205 4282 394 4393 Brunckius
406 4289 451 4356 ad
467 4288 558 4360 oed.
579 4291 623 4360 R.
638 4287 726 4360 534.
747 4313 853 4382 porro
878 4314 914 4382 p.
932 4291 1017 4360 732.
1032 4287 1319 4388 μιμνήσκεσθαι,
