2826 4904
156 320 221 384 240
384 315 442 378 DE
467 309 660 379 Etnlesi
681 315 738 378 ET
755 312 1042 376 PLEONASMO

156 496 219 579 ret,
244 483 288 562 ου’
302 477 430 576 πλὲίω,
458 484 531 562 οἷδ’
547 485 640 578 ὅτι,
667 490 723 562 δεῖ
734 487 861 580 λέγων,
886 485 948 554 sed
967 485 1141 555 adsolant
1163 507 1272 577 nega·

158 595 283 660 tionem
311 591 372 676 οὔ,
403 613 490 679 quae
517 601 700 682 propterea
727 614 806 663 cum
834 598 975 658 accentu
1000 587 1178 658 scribenda
1201 597 1271 693 eata

89 693 247 783 229οὔκ,
285 690 356 767 οἶδ’
380 689 466 784 ὅτι»
502 697 557 766 δεῖ
581 691 688 764 πλείω
710 694 843 785 λέγειν,
874 715 943 762 nou
963 715 1051 761 eane
1080 691 1131 784 *).
1191 692 1271 781 Hto

157 817 293 888 quoque
315 797 342 865 si
371 795 546 885 quomodo
568 796 737 886 cogitetur
765 796 1014 884 explanandum
1038 802 1104 880 est,
1131 794 1179 867 sic
1205 782 1272 862 dici

158 900 312 968 debebit:
347 895 390 971 οὐ
413 902 469 972 δεῖ
487 897 594 970 πλείω
622 899 756 991 λέγειν,
790 893 862 970 οἷδ’
895 896 955 970 ὅτι
988 896 1033 971 οὔ
1068 901 1139 980 (δεῖ
1162 896 1270 970 πλείω

157 1004 295 1094 λέγειν).
347 1001 416 1070 Hie
437 1003 581 1091 pariter,
615 1009 653 1070 ut
674 1003 708 1069 in
727 1001 899 1091 particulis
923 994 976 1098 μή
1000 999 1060 1085 οὕ,
1086 999 1176 1067 duae
1198 1007 1273 1067 sunt

157 1104 358 1188 sententiae,
385 1103 490 1170 altera
513 1105 708 1194 simpliciter
723 1127 795 1171 rem
817 1104 1003 1187 enuncians,
1030 1104 1134 1170 altera
1147 1101 1273 1170 addens

157 1207 320 1276 maiorem
343 1207 526 1296 quamdam
560 1207 835 1286 affirmationem
869 1230 971 1294 quam
1006 1205 1274 1290 affirmationem,

158 1312 318 1399 quoniam
343 1331 412 1377 non
438 1309 484 1376 ad
510 1306 697 1377 universam
722 1309 933 1394 sententiam,
973 1309 1035 1376 sed
1056 1307 1101 1377 ad
1127 1309 1274 1398 aliquam

160 1413 228 1481 eius
246 1422 377 1503 partem
395 1421 549 1501 spectare
561 1413 732 1498 volumus,
757 1411 839 1484 huic
853 1412 941 1504 parti
960 1435 1035 1480 eam
1050 1410 1274 1505 adiungimus,

160 1510 346 1607 suppressis¹
364 1514 507 1605 reliquis.

259 1687 429 1778 Exempla
452 1707 540 1756 nune
563 1685 742 1754 'afferamus
777 1687 1018 1777 particularum
1047 1678 1102 1783 μή
1127 1682 1174 1759 οὔ
1201 1707 1288 1755 cum·

158 1791 340 1880 participio
363 1792 409 1861 sie
430 1791 634 1875 iunctarum,
669 1798 707 1859 nt
734 1790 925 1857 dubitanter
952 1801 1088 1881 negent.
1140 1789 1181 1856 In
1208 1811 1297 1877 qno·

93 1929 96 1933 -
159 1915 221 1960 usu
251 1893 337 1959 nihil
363 1893 572 1961 difficultatis
595 1903 660 1978 est,
694 1893 720 1960 si
749 1895 822 1982 quis
844 1892 1046 1978 meminerit,
1086 1884 1141 1989 μή
1161 1891 1275 1966 ποιῶν

102 2025 105 2033 ·
161 2017 231 2062 esse
255 1994 350 2085 quod
370 1995 447 2086 quia
468 2017 536 2062 non
555 1994 655 2087 facit
675 1995 828 2087 aliquid,
862 2006 918 2063 aut
937 1997 968 2064 ai
986 2016 1055 2063 nen
1064 1993 1187 2089 fneit3
1222 1987 1275 2091 μή

158 2093 205 2169 οὐ
236 2096 351 2169 ποιων
375 2105 486 2165 autem
514 2097 580 2166 nisi
603 2096 713 2189 facit.
780 2098 877 2182 Quae
906 2096 1081 2187 quomodo
1106 2094 1275 2181 differant,

81 2280 85 2303 ¹
157 2221 226 2267 non
254 2208 303 2268 est
335 2200 524 2268 obscurum.
577 2200 646 2284 Qui
669 2200 736 2267 nisi
770 2199 891 2296 fallor
923 2201 1020 2284 dicit,
1056 2198 1177 2268 dubius
1214 2208 1272 2282 est,

158 2313 272 2371 utrum
288 2302 444 2389 fallatur,
471 2326 514 2370 an
534 2324 619 2393 n0n3
646 2303 751 2391 quisi
772 2303 984 2396 nonfallnr,
1009 2302 1096 2389 hoc,
1121 2325 1190 2392 non
1205 2301 1274 2368 falli

158 2429 213 2490 se,
237 2414 274 2472 ut
290 2415 418 2474 eertum
434 2405 541 2473 sumit.
594 2407 692 2475 Haec
709 2407 736 2473 si
751 2405 906 2475 dicantur
920 2429 984 2497 per
1001 2405 1199 2497 partieipia,
1224 2404 1273 2472 al-

156 2517 265 2576 terum
294 2509 361 2576 nisi
376 2509 519 2602 salens,
555 2510 696 2576 alterum
718 2531 787 2576 non
804 2508 928 2601 falsus
960 2509 1029 2579 dici
1049 2531 1188 2579 necesse
1219 2517 1273 2576 est

157 2611 230 2680 Iam
252 2612 409 2702 exempla
421 2611 608 2681 videamus,
661 2610 854 2702 Sophocles
877 2615 911 2679 in
931 2605 1020 2681 Oed.
1047 2612 1092 2679 R.
1116 2610 1177 2679 12.

621 2781 628 2791 ⁸
657 2741 870 2844 δυςοίλγητος
893 2741 962 2845 γάρ
984 2746 1031 2818 ἄν

261 2850 359 2946 εἴην,
386 2842 534 2923 τοιάνδε
559 2843 614 2944 μή
639 2847 684 2923 ου’
703 2852 959 2948 κατοικτείρων
983 2853 1103 2948 ἕδραν.
1226 2895 1229 2902 ·

157 2983 205 3052 Et
229 3006 260 3052 v.
287 2983 376 3053 220.

655 3101 700 3177 oti
729 3098 798 3199 γιίρ
825 3104 871 3177 ἄν
896 3097 1041 3202 μακροίν

259 3209 402 3299 ἴχνευον
429 3196 564 3296 αὐτός’,
598 3200 652 3302 μή
678 3203 740 3280 οὐκ
769 3210 857 3298 ἔχων
883 3237 921 3283 τι
948 3202 1143 3301 σύμβολον.
1202 3268 1212 3281 ,

156 3360 197 3427 In
220 3358 273 3427 his
294 3361 378 3430 locis
399 3358 469 3429 hoc
493 3359 592 3429 dicit:
619 3361 731 3430 durna
749 3383 876 3447 essem,
901 3361 969 3428 nisi
984 3366 1105 3429 vestra
1118 3380 1177 3426 me
1191 3379 1275 3450 anp-

152 3462 303 3555 plicatio
319 3471 504 3554 tangeret:
523 3486 659 3554 parum
678 3466 757 3556 ipae
784 3464 1031 3556 investigando
1047 3460 1275 3557 prtfieerem,

58 3567 228 3647 „zannist
258 3566 394 3657 aliquid
426 3565 548 3633 indicii
578 3569 784 3659 reperirem.
853 3566 958 3650 Quod
986 3565 1013 3633 si
1045 3556 1099 3656 μή
1130 3563 1278 3647 dixisset,

157 3692 268 3737 sensus
302 3677 401 3737 esset:
439 3668 551 3736 damas
585 3691 712 3754 essen,
744 3671 775 3737 si
802 3692 858 3738 me
884 3692 953 3738 nnn
980 3674 1137 3735 moveret
1158 3675 1276 3736 vestra

135 3772 385 3868 „supplicatim
426 3780 484 3839 aut
510 3773 605 3864 qnod
633 3796 689 3842 me
709 3795 778 3842 nnn
797 3781 929 3842 movet:
956 3792 1092 3865 parum
1118 3769 1277 3868 prtficeu

198 4126 230 4200 *)
253 4126 296 4187 De
318 4137 449 4194 accentu>
475 4148 536 4190 non
559 4137 642 4189 recte
665 4139 874 4210 praeceptum.
927 4118 1076 4203 Quoniam
1101 4120 1182 4192 enim
1201 4127 1279 4188 illud

156 4202 219 4271 οἷδ’
249 4206 297 4274 ὅτι
316 4213 359 4273 ita
376 4214 566 4295 coniungitur
588 4235 657 4274 cum
677 4217 801 4295 reliquia
822 4213 937 4288 verbis,
960 4224 999 4274 ut
1016 4213 1055 4275 ad
1076 4235 1199 4278 tensum
1220 4234 1279 4297 pro

156 4291 300 4357 adverbio
321 4299 378 4379 eit,
402 4298 478 4362 nihil
497 4309 600 4382 potest
621 4301 659 4362 ad
681 4310 836 4363 accentum
852 4300 997 4362 conferre.
