2826 4904
196 316 261 380 118
423 313 483 376 DE
510 311 695 376 ELLIPSI
722 312 781 377 ET
804 308 1085 378 PLEONASMO

107 496 110 503 ‘
196 481 331 585 χρυσὰν
350 480 593 582 Ἀλεξάνδρου
615 488 805 578 δέχεσθαι,
830 509 900 556 non
920 485 1026 555 modo
1045 507 1151 575 quum
1180 507 1315 573 aarum,

196 591 292 681 quod
314 598 399 659 esset
420 591 622 677 Alexandri,
661 591 721 658 sed
747 591 847 658 etiam
867 614 972 680 quum
994 590 1030 660 id
1052 591 1096 657 ab
1117 589 1315 660 Alexandro

197 694 309 784 accipi
338 694 452 761 dicere
479 694 591 761 vellet.
647 692 1035 786 Mansitprogrediente
1058 692 1150 762 cultu
1174 694 1315 782 antiqua

196 797 326 882 forma,
352 797 412 864 sed
433 797 498 881 sic,
523 798 636 885 utqui
659 798 703 864 ab
723 797 919 865 Alexandro
942 796 1052 886 accipi
1073 795 1218 882 diceret,
1243 797 1313 864 iam

196 923 266 969 non
289 892 424 995 χρυσὰν
445 893 686 994 Ἀλεξάνδρου
702 901 907 991 cogitatione
925 902 1100 990 iungeret,
1125 898 1187 967 sed
1200 895 1313 972 Ἀλε-

163 1029 165 1035 ·
197 997 353 1096 ξάνδρου
377 1002 559 1091 δέχεσθαι.
610 1003 681 1070 lam
702 1026 806 1091 quum
826 1003 932 1071 semel
946 1003 1095 1095 genitivo
1111 1000 1199 1072 haec
1219 1001 1314 1069 deri-

196 1105 336 1174 vationis
355 1125 396 1172 ac
418 1105 632 1194 separationis
653 1107 744 1173 notio
760 1106 979 1192 adhaesisset,
1004 1105 1102 1172 latius
1119 1129 1160 1173 ea
1178 1105 1313 1174 extendi

198 1216 323 1298 coepta
337 1216 403 1275 est:
429 1207 520 1274 unde
541 1209 621 1275 talia
639 1218 731 1294 sunt,
756 1219 794 1277 ut
815 1203 961 1282 άνούειν
977 1201 1098 1298 τινός,
1125 1229 1171 1276 ea·
1191 1208 1313 1300 aliquo

197 1312 345 1394 audire,
377 1308 590 1399 λείπεσθαι,
625 1305 850 1408 ἁμαρτάνειν
871 1304 979 1392 τινάς.
1031 1309 1133 1378 Cuius
1157 1320 1315 1379 constru-
1401 1400 1404 1407 Ι

197 1413 316 1484 ctionis
337 1413 505 1479 mentione
529 1414 644 1498 facta,
672 1415 817 1481 breviter
837 1424 975 1505 tangam
999 1413 1114 1482 locum
1129 1413 1314 1505 Thucydi-

198 1516 251 1591 dis
273 1515 299 1583 l.
331 1512 391 1581 33.
420 1515 512 1611 μηδὲ
541 1520 638 1588 δυεῖν
660 1510 807 1610 φθάσαι
827 1512 1058 1612 ἁμάρτωσιν,
1100 1515 1123 1606 ἢ
1150 1518 1314 1590 ααυοῖσαν

196 1617 312 1710 ἡμὰς,
338 1615 362 1713 ἢ
378 1617 470 1711 σφάς
487 1612 619 1697 nicode
633 1613 926 1710 βεβαιώσασθαι,
949 1618 1010 1688 ubi
1023 1641 1091 1687 non
1106 1619 1227 1710 capio,
1253 1619 1314 1711 qui

196 1719 402 1791 Schaeferus
432 1743 469 1810 p.
485 1719 570 1788 184.
599 1720 638 1792 ἓν
660 1731 740 1811 post
761 1724 858 1793 δυεῖν
881 1723 925 1788 ab
947 1720 1090 1789 librariis
1114 1723 1314 1813 neglectum

197 1824 359 1914 suspicari
378 1823 542 1912 potuerit;
574 1845 643 1912 quo
669 1823 784 1891 addito
811 1845 947 1915 prorsus
977 1826 1193 1915 perturbatur
1227 1849 1315 1897 con-

196 1927 352 2010 structio,
379 1926 554 2011 multoque
566 1928 673 1993 minus
684 1926 828 2017 intelligi
839 1928 935 1997 locus
950 1937 1073 2016 potest
1125 1928 1216 1996 Sana
1237 1938 1315 1998 sunt

196 2029 327 2097 omnia:
353 2027 413 2094 sed
415 2025 625 2150 hidonem,
650 2053 693 2097 ne
703 2031 859 2155 repetitp
881 2031 988 2099 verbo
1010 2031 1193 2101 dicendum
1216 2042 1315 2118 esset,

130 2132 225 2229 1422}
247 2130 317 2204 τοῦ
341 2122 530 2224 φθάσαι
508 2133 602 2228 ημοῖς
622 2130 802 2221 sanctuar,
829 2131 940 2229 ἢτοῦ
962 2127 1107 2227 φθάσαι
1131 2135 1225 2230 σφοῖς
1241 2132 1316 2208 αὐ-

196 2227 284 2315 τοὰς
313 2226 615 2327 βεβαιώσασθαι,
650 2235 862 2303 insolentiore
883 2245 1050 2304 structura
1072 2236 1170 2323 dixit,
1213 2241 1316 2311 δυεῖν

198 2331 414 2433 ἁμάρτωσι,
441 2330 604 2430 odelone:
629 2338 650 2404 i.
669 2364 698 2408 e.
725 2337 983 2409 deauraretur
1004 2340 1058 2408 ad
1075 2350 1316 2432 praeverten-

105 2474 112 2491 ε
196 2440 285 2509 dum
309 2438 575 2531 exciderent*).
628 2441 699 2511 Sed
723 2442 864 2512 redeo
854 2467 889 2510 m
908 2443 1006 2510 viam.
1057 2442 1160 2510 Vt‘
1135 2443 1316 2542 αμαρτά-

196 2570 274 2616 νειν
288 2537 400 2631 τινός,
426 2544 477 2611 sic
497 2537 648 2636 γυμνόν,
675 2546 788 2633 ξένον,
814 2538 1031 2641 καθαράν
996 2543 1089 2618 ειναί
1109 2573 1225 2628 τινος,
1251 2548 1317 2644 γῆς

196 2638 382 2732 ἐλαύνειν,
417 2637 586 2736 άμυνενν,
620 2647 719 2719 θεαῖν
740 2646 827 2731 μιάς
851 2649 962 2745 ἔφυσε
989 2639 1138 2743 Μαῖαν,
1174 2651 1316 2720 etillud

196 2746 403 2837 Euripidis
394 2770 429 2814 m
442 2747 580 2816 Electra
593 2745 778 2816 v.1215.

301 2885 480 2972 κατεῖδες,
508 2883 588 2956 οἷον
610 2882 634 2957 ἁ
655 2880 794 2959 τάλαιν’
810 2885 877 2960 ἑυῖν
891 2889 1032 2962 πέπλων

302 2986 431 3077 ἔβαλεν
436 3040 451 3075 ,
478 2987 588 3070 ἔδειξε
602 2983 746 3081 μαστὰν
763 2993 802 3062 ἑν
817 2997 1001 3086 φοναῖσιν,

198 3121 294 3212 quod
309 3125 501 3214 exemplum
516 3147 593 3195 cum
609 3126 680 3192 aliis
698 3128 836 3194 allatum
851 3136 900 3196 est
920 3128 955 3195 in
974 3126 1042 3212 his,
1069 3151 1157 3218 quae
1170 3151 1206 3220 p.
1224 3128 1317 3200 610.

198 3226 285 3294 613.
316 3221 511 3300 611693.
538 3225 624 3296 695.
646 3228 733 3297 734.
759 3242 1073 3301 commemorantur.
1124 3234 1248 3303 Nescio
1271 3260 1318 3304 an

199 3329 323 3400 eodem
337 3331 456 3398 referri
470 3331 594 3401 debeat
605 3333 676 3403 hoc
691 3334 898 3426 Sophoclis
889 3358 923 3402 m
937 3335 1077 3404 Electra
1098 3358 1129 3404 v.
1147 3334 1209 3404 78.

299 3466 376 3538 ναὶ
373 3494 453 3561 μην
474 3471 600 3589 θυρυῖν
615 3471 719 3553 ἔδοξα
732 3466 940 3571 προςπόλων
955 3465 1054 3552 τινὰς

298 3564 560 3669 ἁποστενοάσης
581 3575 684 3647 ἔνδον
706 3577 929 3654 αἱσδεᾞσθαι
955 3577 1103 3666 τέκνον,

197 3706 257 3776 ubi
282 3706 397 3774 durius
425 3715 516 3775 certe
545 3709 671 3802 θυρων
699 3713 801 3784 ἔνδον
834 3733 912 3778 cum
942 3711 1169 3780 scholiasta
1157 3717 1316 3784 runxeris.

198 3809 269 3877 Sed
292 3833 374 3879 cave
398 3832 441 3891 ne
463 3810 557 3879 hunc
580 3834 677 3879 usum
703 3837 746 3882 eo
771 3813 945 3899 traducaS‚
980 3837 1048 3903 quo
1070 3838 1139 3882 non
1168 3820 1318 3910 amplius

100 3927 108 3934 ·
197 3909 294 3982 licet:
320 3911 414 4002 qrod
432 3935 499 4004 ego
521 3911 710 3983 Schaefero
731 3919 869 4005 quidem
883 3940 952 3984 non
975 3919 1229 4009 imputaverim,
1256 3925 1318 4011 qui

198 4034 235 4104 p.
247 4011 348 4102 75⁰,
366 4024 402 4083 ut
416 4016 512 4103 solet,
537 4016 680 4089 aliorum
696 4021 800 4091 verba
815 4022 925 4112 ponit,
948 4023 1021 4112 ipse
1040 4047 1061 4090 a
1077 4023 1224 4094 dicenda
1236 4049 1318 4096 sen-

198 4190 406 4207 ῃ

241 4297 270 4385 *)
293 4303 370 4366 Vide
391 4327 468 4387 quae
490 4311 632 4374 adnotavi
653 4313 692 4375 ad
713 4312 858 4396 Sophocl.
879 4317 990 4380 Electr.
1014 4322 1106 4384 1312.
