2826 4904
181 284 243 346 144
533 279 932 341 OBSERVATIONES

180 475 211 520 v·
239 448 465 649 uffiwiv
483 547 597 628 αὐτόν
613 559 646 635 ἐς
661 548 787 646 λόγους
810 511 932 628 ἐλθεῖν
947 549 1101 646 μολόντ’

284 659 421 746 αἰτεῖν,
448 652 621 741 απελθεῖν
642 652 680 727 τ’
704 653 871 750 οἷοφαλοῖς
893 656 957 752 τῆς
988 654 1090 752 δεῦρ’
1117 655 1243 769 ὁδοῦ..Ι

181 794 336 884 Denique
358 794 392 859 in
413 792 527 884 lphig.
556 793 660 864 Taur.
690 815 720 860 v.
750 790 836 863 968.
1235 772 1238 777 ’

289 927 334 1010 οἷς
349 925 383 1002 θ’
407 928 455 1011 εἰς
471 928 624 1025 ’Ἀρειον
646 927 762 1020 ὄχθον
785 926 887 1025 ἧκον,
914 935 947 1011 ἐς
969 927 1069 1027 δίκην
1092 926 1130 1002 τ’

286 1033 402 1128 ἔστην.

135 1167 302 1239 1111111111
315 1169 416 1253 locis,
443 1168 472 1234 si
487 1167 530 1235 ab
546 1189 614 1234 uno
629 1167 831 1253 discesseris,
857 1166 925 1238 hac
947 1177 1077 1236 tantum
1103 1167 1296 1240 conditione

185 1273 349 1364 syllabam
371 1272 405 1336 in
427 1270 495 1337 fine
520 1270 660 1336 trimetri
682 1270 763 1339 elidi
779 1270 954 1357 discimus,
981 1271 1176 1362 siproxime
1195 1294 1297 1362 prae·

185 1399 300 1468 gressa
315 1374 355 1441 sit
367 1374 609 1462 interpunctio,
636 1374 828 1461 quaequod
843 1390 983 1465 pausam
995 1374 1029 1440 in
1042 1374 1298 1464 pronunciando

104 1562 110 1572 .
185 1480 261 1546 fieri
279 1478 389 1562 iubet,
422 1499 479 1561 ea,
511 1498 598 1563 quae
620 1475 743 1544 deinde
764 1487 962 1565 sequuntur,
995 1478 1115 1545 arctius
1137 1478 1300 1569 coniungi

185 1581 343 1674 postulat.
394 1579 482 1646 Nam
499 1578 650 1647 Graecos
664 1602 773 1667 neque
790 1581 891 1648 solius
906 1580 1004 1647 metri
1024 1580 1188 1648 rationem
1199 1582 1299 1648 inre-

187 1683 325 1754 citaudis
352 1682 499 1751 versibus
521 1680 695 1764 habuisse,
730 1706 856 1770 neque,
894 1694 932 1751 ut
954 1692 1103 1750 nostrum
1125 1683 1227 1775 multi
1244 1705 1299 1751 so·

91 1781 95 1790 '
186 1787 274 1870 lent,
307 1808 412 1874 quum
431 1807 542 1853 versus
568 1783 703 1876 legunt,
735 1795 879 1853 metrum
907 1784 1111 1877 neglexisse,
1143 1785 1300 1855 recondi·

187 1891 228 1958 tis
249 1887 464 1977 quibusdam,
495 1885 555 1955 sed
582 1888 676 1955 certis
699 1889 902 1978 argumentis
929 1911 1104 1979 possumus
1126 1890 1300 1981 colligere.

187 1993 242 2060 Ex
265 2012 333 2080 quo
353 2012 479 2081 genere
493 1989 577 2055 illud
595 1999 661 2072 est,
688 1991 782 2078 quod
799 1991 843 2058 de
863 1991 969 2081 longa
988 1991 1137 2080 syllaba,
1165 2016 1235 2081 qua
1249 1993 1300 2058 in-

80 2088 89 2112 *
188 2093 322 2162 tardum
344 2114 410 2160 vor
430 2101 507 2160 ante
530 2092 616 2158 arsin
637 2091 742 2180 quinti
763 2093 860 2183 pedis
877 2094 1100 2161 trimetrorum
1112 2095 1244 2181 finitur,
1267 2095 1302 2161 in

188 2196 398 2288 praefatione
421 2195 465 2262 ad
491 2193 647 2284 Orphica
680 2196 805 2285 scripsi.
865 2197 944 2264 Alia
969 2195 1180 2284 huiusmodi,
1215 2220 1301 2287 quae

190 2293 316 2368 addere
339 2320 491 2388 possem,
524 2298 651 2365 omitto.
705 2299 810 2383 Quod
836 2300 862 2365 si
880 2301 953 2389 quis
970 2323 1080 2367 versus
1095 2300 1192 2386 illos,
1219 2322 1302 2390 quos

190 2403 442 2491 adscripsimus,
467 2411 558 2470 recte
573 2402 793 2491 pronunciare
811 2402 909 2487 sciat,
934 2403 962 2469 is
987 2403 1156 2494 intelligat
1170 2425 1302 2472 necesse

190 2517 255 2591 est,
281 2506 431 2573 elisiones
453 2505 529 2574 istas
546 2505 582 2571 in
597 2505 748 2573 extremis
762 2505 909 2572 versibus
927 2527 995 2572 non
1019 2505 1124 2597 modo
1149 2529 1220 2576 esse
1239 2506 1303 2573 du-

190 2634 259 2694 101,
286 2608 345 2675 sed
370 2609 499 2697 aliquid
519 2608 618 2675 etiam
640 2606 769 2675 habere
787 2608 962 2674 suavitatis.
1015 2609 1107 2675 Vnus
1129 2617 1242 2677 tamen
1268 2610 1302 2675 in

189 2711 244 2778 his
260 2713 355 2778 locus
381 2720 446 2795 est,
472 2711 529 2797 qui
549 2733 659 2796 ,quum
683 2710 812 2778 nullam
834 2710 877 2777 ab
893 2712 1159 2801 interpunctione
1177 2712 1304 2781 habeat

192 2813 453 2898 excusationem,
480 2813 524 2879 de
537 2813 617 2879 11110
636 2822 807 2902 suspectus
824 2824 887 2881 est:

296 2949 353 3020 σοὶ
369 2948 480 3042 φασὶν
493 2941 607 3021 αὐτόν
623 2952 655 3029 ἐς
665 2941 790 3040 λόγους
808 2953 928 3023 ἐλθεῖν
942 2947 1097 3043 μολόντ’

295 3054 420 3123 αἰτεῖν.

192 3188 444 3272 Vauvillersius,
478 3180 914 3277 ρ1011111110,”111111101111,
953 3190 1236 3278 wyttenbachio,
1271 3191 1305 3256 111

92 3284 98 3295 ’
192 3294 284 3362 Β1111.
302 3293 372 3362 0111.
390 3291 435 3362 11.
452 3289 488 3375 2,
514 3290 575 3357 51.
601 3284 756 3382 μολόντ’
783 3293 816 3358 iu
840 3285 956 3382 μόνον
971 3295 1130 3360 mutabat
1182 3295 1305 3384 Agno-

193 3399 255 3466 scit
275 3407 387 3463 tamen
402 3392 471 3462 hoc
499 3394 712 3485 participium
740 3392 952 3478 scholiastes,
990 3396 1035 3461 ita
1062 3396 1226 3465 scribens:
1260 3388 1306 3468 τό

194 3500 270 3595 ἑξῆς
278 3553 292 3586 ,
319 3495 429 3590 φασὶν
445 3491 557 3568 αὐτόν
573 3491 737 3588 μολόντα
753 3499 867 3567 αἰτεῖν
882 3500 929 3575 εἰς
945 3495 1072 3588 λόγους
1098 3497 1155 3568 ool
1173 3503 1304 3573 ἐλθεῖν.

193 3601 362 3692 Equidem
384 3620 451 3665 non
475 3599 578 3668 credo
601 3599 750 3665 dividere
774 3596 987 3686 Sophoclem
1011 3600 1216 3669 vocabulum
1245 3621 1307 3670 vo-

193 3708 308 3791 luisse,
334 3725 440 3792 quum
454 3703 598 3771 scribere
612 3711 737 3790 posset,

295 3839 352 3913 σοὶ
373 3839 482 3932 φαοίν
507 3833 660 3913 ἐλθόντ’
684 3832 797 3909 αὐτόν
815 3842 848 3919 ἐς
869 3832 994 3931 λόγους
1015 3845 1141 3933 μολεῖν

197 3988 202 4009 -.
298 3945 437 4029 αἰτεῖν,

193 4049 268 4132 101,
730 4138 738 4164 Ι
923 4139 932 4166 t

296 4148 353 4221 σοὶ
369 4147 480 4242 φασὶν
494 4150 616 4219 ἐλθεῖν
640 4148 674 4223 ἐς
696 4147 822 4237 λογοοε
838 4150 1001 4240 μολοντα
1019 4175 1074 4220 νιν

298 4278 423 4332 αιτειν.
