2826 4904
135 335 143 351 κ
219 288 223 294 ’
337 370 393 393 ,,
454 308 503 374 1n
532 305 1009 399 cnrucanruovr„
1114 299 1284 395 sm

141 484 347 571 locutiones‚
374 473 413 553 lo
432 483 553 576 quibus
571 485 712 576 pluralis
734 491 801 569 est,
826 484 887 553 ista
909 483 1111 556 constructio
1131 460 1260 554 tritissi-
1309 571 1315 578 ..

141 614 198 660 ma
217 589 310 674 sacta
331 595 432 673 esset,
465 610 563 672 mox,
594 590 768 658 transitum
793 611 814 654 a
838 589 964 681 plurali
987 588 1032 658 ad
1054 587 1258 682 singularem

102 722 112 740 -,
139 692 342 794 'facientibus
356 690 545 759 nominibus
562 693 764 779 collectivis,
790 697 828 760 ut

297 820 415 924 δήμου
433 853 475 901 τι
491 826 728 923 προῦχουσιν,

141 989 211 1039 non
234 964 467 1033 attendebatur
482 952 626 1054 amplius
644 964 690 1034 ad
710 963 960 1038 constructionis
974 963 1063 1034 istius
1079 963 1325 1064 originem5151

142 1072 204 1140 sed
219 1068 414 1159 simpliciter
428 1068 592 1159 genitivus
616 1068 848 1160 comparativo
866 1069 996 1137 iunctus
1020 1068 1175 1137 eamdem
1190 1067 1258 1134 vim

141 1173 312 1256 habebat,
341 1192 383 1240 ac
403 1171 430 1263 si
447 1172 652 1269 particular}
674 1172 909 1241 adhiberetur:
934 1193 1039 1260 quare
1062 1170 1157 1259 quod
1176 1170 1258 1259 plu-

141 1277 224 1347 ralis
237 1275 367 1342 numeri
385 1276 563 1364 proprium
582 1277 709 1362 fluerat,
734 1275 911 1366 paullatim
927 1275 1028 1341 etiarn
1043 1274 1089 1341 ad
1108 1273 1260 1364 singula·
1382 1301 1385 1306 ·

142 1403 217 1450 rem
237 1377 430 1446 traductum
453 1386 510 1446 est.
569 1378 656 1446 lude
677 1378 796 1471 ingens
818 1377 1030 1468 promanavit
1047 1377 1188 1445 aliarum
1203 1376 1259 1442 lo-
1298 1370 1310 1379 ’

143 1483 316 1554 cutionum
339 1479 461 1570 copia,
494 1488 582 1572 quae
604 1474 720 1551 omnes
743 1481 845 1551 facile
868 1481 1029 1549 carebunt
1052 1480 1176 1549 auxilio
1206 1478 1258 1546 el·

141 1587 287 1676 HPSfflSs
312 1584 418 1652 veluti
434 1582 617 1682 ὑστερεῖν,
643 1583 820 1660 cludovici
839 1610 961 1671 τινος,
987 1581 1082 1671 qnod
1098 1591 1146 1649 est
1157 1577 1259 1653 ὕστι·

141 1715 209 1785 por
217 1741 231 1776 ,
257 1684 396 1782 ἧττονοὶ
412 1713 511 1768 τινος
523 1684 635 1761 eluar:
658 1690 693 1756 in
713 1689 835 1776 quibus
850 1686 1003 1753 formulis
1027 1707 1110 1776 quas
1125 1683 1259 1774 ellipses

142 1791 314 1874 tirnerint,
341 1790 503 1880 cognosci
514 1799 662 1880 poteste
683 1813 718 1880 p.
740 1786 827 1856 664.
842 1785 928 1855 67⁰.
943 1785 1030 1855 749.

233 1893 340 1968 ,Alter
356 1893 495 1983 genitivi
507 1894 644 1961 nomine
656 1892 796 1961 carentis
809 1914 886 1962 usus
910 1888 968 1961 hic
983 1897 1047 1976 est,
1072 1888 1193 1980 inquo
1215 1911 1260 1956 ne
1294 1886 1296 1891 ⁴

144 1995 347 2065 adiectivum
360 1994 498 2084 quidem
511 2018 636 2065 nomen
652 1996 815 2064 adiicitur.
848 1994 954 2078 Quod
970 2016 1077 2086 genus
1097 1992 1262 2061 eiusmodi

142 2108 207 2182 est,
232 2107 286 2182 ut,
312 2098 406 2189 quod
425 2099 565 2169 alicuius
587 2123 657 2168 esse
679 2100 820 2183 dicitur,
844 2099 1046 2190 plerumque
1067 2099 1172 2185 possit
1196 2117 1260 2184 per

132 2200 348 2274 ⁴adiectivnm
369 2201 425 2268 'vel
448 2201 648 2269 adverbium
669 2202 820 2291 exprimi.
870 2199 937 2282 Vt,
964 2198 1031 2270 σοῦ
1048 2191 1131 2269 τόδ’
1146 2196 1259 2283 ἐστίν,

140 2303 179 2370 id
206 2306 263 2367 est'
284 2294 348 2372 σόν
369 2305 464 2373 ἐστι·
490 2302 627 2373 πολλοῦ
650 2307 858 2387 ποιεῖσθαι,
891 2299 930 2367 id
952 2308 1001 2368 cst
1020 2300 1260 2394 peremeris

137 2413 248 2479 σθαι.
299 2401 490 2492 Aeschylus
503 2405 538 2471 in
552 2403 771 2495 supplicibus
783 2425 814 2473 v.
831 2398 918 2470 592.
1383 2399 1386 2406 '

297 2532 467 2635 φυσίζοοι
482 2539 583 2633 γένος
591 2595 605 2629 ,
631 2534 678 2613 cd
698 2532 744 2638 δή

296 2635 410 2741 Ζηνός
425 2646 524 2715 ἐστιν.
540 2638 695 2734 ἀληθῶς.

144 2772 336 2872 Sophocles
352 2778 387 2848 in
406 2777 546 2852 Electra
561 2804 592 2850 v.
613 2778 700 2850 199.

307 3015 320 3044 ς
376 3017 387 3041 ι
415 2901 417 2906 ’
557 2912 629 2990 εἴτ’
656 2912 722 2992 cair
737 2911 846 3000 θεός,
873 2913 1105 3013 εἴτιβροτῶι

295 3045 340 3117 ην
365 3049 385 3095 c
408 3020 529 3096 ταῦτα
551 3013 738 3119 πράσσων·

145 3152 226 3224 etin
246 3155 419 3250 Antigona
438 3180 470 3226 v.
492 3155 578 3224 114.

296 3293 418 3390 λευκῆς
440 3286 561 3385 χιόνος
584 3292 737 3390 πτέρυγι
758 3285 949 3386 στεγανός,

116 3427 269 3599 ,ἰῖᾱῦῗεῃ
299 3431 413 3513 Aius,
438 3422 628 3528 βρότειος,
654 3427 786 3527 χιοιιέη.
846 3426 1018 3496 Homerus
1046 3419 1169 3515 Odyss.
1198 3420 1275 3490 ΠΙ.

297 3634 321 3733 ἢ
343 3613 409 3708 oda
423 3632 578 3733 Ἄργιος
595 3630 657 3734 ἦεν
676 3631 889 3726 Ἀχαιϊιιοῦς
990 3621 992 3626 ’

142 3769 240 3860 quod
263 3774 456 3864 exemplum
477 3774 566 3840 bene
593 3771 748 3839 adhibuit
768 3769 983 3861 Musgravins
1004 3766 1049 3836 ad
1077 3761 1261 3854 Sophoclis

143 3876 273 3944 Electr.
289 3873 374 3945 999.
396 3877 432 3943 id
454 3884 504 3942 est
524 3869 692 3970 Ἀργόθι.
743 3873 801 3942 Sic
827 3869 871 3944 οὗ
889 3881 923 3939 et
943 3867 1078 3949 edred,
1104 3866 1183 3952 ubi,
1209 3864 1258 3934 ibi
1266 3869 1328 3934 152

113 4016 116 4021 ·
143 3978 384 4068 significantia,
417 3978 563 4067 intelligi
584 3977 720 4044 debent.
778 3974 950 4044 Fraudem
966 3972 1049 4041 fecit
1066 3970 1156 4039 haec
1177 3991 1268 4039 con-¹
1390 4058 1392 4063 Ι

142 4084 283 4151 structio
305 4082 406 4152 etiam
431 4080 566 4147 summis
584 4079 678 4165 viris,
711 4086 749 4146 ut
767 4078 814 4145 ad
840 4077 973 4166 ellipsin
995 4072 1262 4164 confugiendum
1331 4111 1333 4115 .
1388 4082 1391 4087 “

142 4194 320 4276 putarent,
345 4193 385 4253 nt
408 4183 607 4273 Musgravio
628 4192 663 4251 ct
682 4182 853 4267 Porsono,
879 4176 1104 4249 aSchaefero
1123 4199 1160 4267 p.
1174 4173 1260 4243 691.
1379 4194 1383 4201 ·

145 4309 216 4379 seq.
238 4291 289 4358 ita
310 4284 598 4376 commemoratis,
622 4292 661 4354 ut
677 4284 911 4378 ipsequoqne
932 4302 1051 4352 corum
1065 4282 1262 4352 sententiam
