2826 4904
156 306 220 375 292
353 303 411 365 DE
440 301 644 364 cnurlco
675 299 724 364 ΙΝ
752 298 1057 362 ROMANORVM

260 464 336 546 seo
363 473 502 566 Syrum.
528 472 616 542 ΜΕ
634 465 842 564 pudeam?
871 468 947 540 CH.
963 465 1106 563 egone?
1129 471 1265 556 civico,
1308 515 1316 545 .-

158 632 162 639 .
770 574 864 643 odeo
889 581 1097 642 commum
1118 571 1233 660 dubo,

159 720 162 725 >
265 679 363 749 Adeo
376 632 568 770 depeeum,
592 683 652 761 ut,
678 676 764 744 dum
777 678 893 763 vivut,
917 677 1267 769 merninerdeemper

772 780 862 848 mei:

265 883 336 981 Qut
360 880 426 952 sibi
446 902 503 948 rue
523 900 594 972 pro
608 879 805 950 deridiculo
818 903 864 949 ao
880 879 1134 949 delectamento
1149 887 1266 971 preat.

261 986 353 1072 Nou,
378 985 433 1054 ita
446 984 557 1052 medi
571 992 700 1072 ament,
726 984 876 1055 auderet
888 982 1274 1076 sacerehnecviduue,

640 1134 643 1141 ‚
771 1086 929 1172 mulieri,

266 1138 406 1286 Quae
393 1213 428 1258 tn
446 1212 504 1257 me
518 1186 622 1283 serit.

160 1293 251 1364 Hic
241 1318 277 1363 ιιι
294 1294 418 1362 medio
429 1315 526 1360 versu
547 1315 647 1362 sceno
667 1290 794 1378 finitur,
820 1265 1140 1381 quemadmodum
1130 1314 1165 1359 ιιι
1182 1291 1267 1359 eius-

159 1398 241 1466 dem
257 1419 368 1465 versus
389 1394 501 1462 medio
523 1417 639 1479 scena,
666 1418 754 1482 quae
777 1396 942 1483 sequitur,
966 1393 1093 1483 incipit.
1144 1394 1268 1462 Parum

160 1501 259 1590 spatii
278 1498 485 1567 Menedemo
511 1497 556 1564 ad
583 1521 636 1565 res
664 1497 750 1564 intus
770 1497 999 1589 transigendas
1018 1496 1174 1565 relictum
1197 1518 1268 1565 esse

160 1602 279 1671 fateor.
328 1603 375 1670 At
395 1601 512 1691 paullo
534 1601 610 1690 plus
634 1598 666 1666 ei
684 1598 917 1668 concedemus.
970 1600 1069 1667 Nunc
1092 1600 1182 1666 enim
1205 1598 1268 1666 ad-

161 1706 303 1773 modum
321 1703 406 1771 nihil
431 1702 552 1787 habet,
577 1703 635 1791 qui
654 1710 832 1792 postquam
855 1702 940 1769 illud
966 1702 1053 1793 quid
1068 1722 1149 1767 eum
1167 1702 1268 1768 inter-

160 1809 311 1900 rogavit,
336 1798 447 1873 tamen
469 1815 644 1894 autequam
666 1806 830 1890 introiret,
856 1804 972 1871 audire
988 1804 1160 1887 debuerit,
1188 1802 1269 1892 quid

135 1909 383 2000 bresponderet
395 1907 567 1975 Chremes.
619 1906 688 1975 Cur
708 1931 789 1976 vero
810 1907 899 1976 istud
923 1906 1009 1998 quid
1033 1928 1113 1974 eum
1127 1908 1269 1973 iuterro-

90 2030 98 2047 ·
160 2011 245 2104 gat?
277 2011 330 2079 ne
352 2010 482 2098 Syrone
502 2009 561 2077 ille
587 2008 646 2079 hic
669 2009 827 2079 sollicitus
855 2009 912 2095 sit,
944 2009 1003 2077 ubi
1024 2008 1136 2099 longe¹
1155 2009 1221 2076 alia
1239 2007 1269 2077 ei

161 2136 263 2185 curae
285 2111 448 2201 cordique
471 2110 566 2178 suut?
598 2112 656 2179 Tu
678 2135 759 2180 vero
787 2112 910 2199 tribue¹
924 2110 1013 2181 haec
1033 2113 1137 2179 rerba
1159 2110 1269 2181 Clue-

159 2217 260 2305 meti,
286 2215 345 2306 qui
365 2216 438 2305 ipse
461 2238 512 2298 se,
538 2213 621 2304 quid
642 2214 729 2304 Syro
750 2214 896 2283 factmus
916 2215 976 2300 sit,
997 2213 1194 2305 interrogat.
1220 2214 1271 2282 lta

160 2318 384 2387 Menedemus
405 2317 540 2402 abierit,
566 2326 744 2408 postquam
765 2317 926 2388 Chremes
950 2317 1098 2403 dixerat,
1125 2339 1171 2385 ac
1186 2318 1269 2399 iarn,

71 2422 75 2431 '
161 2442 310 2490 uxoren
332 2428 370 2488 ut
393 2427 569 2503 arcessat,
606 2427 732 2510 paret:
771 2421 912 2508 satisque
938 2421 1100 2510 temporis
1120 2418 1269 2503 habebit,

161 2546 232 2614 quo
261 2547 335 2592 rem
352 2545 490 2590 omnem
520 2522 708 2611 Clitiphoni
737 2524 853 2613 paucis
884 2533 1044 2614 exponat:
1076 2522 1270 2614 praesertim

161 2650 268 2717 quum
287 2627 450 2695 Chremes
473 2627 620 2714 quinque
639 2626 784 2713 reliquos
806 2648 917 2693 versus
937 2624 1197 2694 meditabundus
1218 2647 1270 2692 se-

159 2728 242 2799 'cum
263 2730 428 2817 loquatur.
478 2728 551 2794 lam
567 2750 712 2816 quaero,
738 2728 798 2796 ubi
812 2726 871 2796 hic
891 2729 1033 2797 tibicinis
1052 2729 1164 2798 cantui
1179 2730 1270 2795 locus

162 2831 229 2899 sit?
262 2832 424 2898 Vtruume
446 2830 559 2897 statim
589 2839 626 2896 ut
645 2830 866 2898 Menedemus
890 2830 997 2898 abiit?
1021 2831 1069 2899 At
1098 2832 1173 2919 quis
1203 2830 1272 2900 hoc

163 2933 268 3016 ferat,
306 2932 523 3001 Chremetem
545 2932 630 2998 iram
651 2933 982 3023 indignationemque
1009 2956 1102 3001 snam
1124 2932 1271 3016 differre,
1316 2986 1319 2992 .

163 3035 275 3102 donec
303 3035 426 3102 tibicen
449 3042 670 3122 spectatores,
703 3035 787 3100 nihil
817 3034 877 3102 hic
904 3037 1011 3103 minus
1038 3059 1143 3126 qnam
1171 3037 1272 3104 tibiae

161 3148 297 3213 cantum
320 3135 564 3219 desiderantes,
590 3136 743 3205 dicamne
766 3138 997 3223 delectaverit,
1023 3163 1065 3206 an
1081 3136 1273 3208 enecuerit?

61 3228 64 3235 ’
163 3244 218 3311 Αιι
239 3242 372 3308 veroin
393 3241 506 3309 media
529 3239 717 3312 Chremetis
743 3241 919 3308 oratione?
944 3241 1056 3309 Multo
1077 3242 1274 3312 mehercule

161 3344 279 3411 minus.
330 3347 385 3411 An
404 3344 550 3433 denique
571 3344 664 3412 finita
690 3343 752 3411 ea?
778 3346 824 3413 At
845 3345 878 3411 in
900 3343 1013 3411 medio
1036 3345 1157 3413 versu?
1183 3344 1274 3429 Quin

162 3448 208 3513 ob
222 3447 258 3513 id
276 3447 385 3536 ipsum
399 3446 567 3515 inmedio
583 3470 679 3514 versu
701 3448 775 3513 finis
796 3455 829 3513 et
845 3447 973 3514 initium
995 3447 1137 3516 duarum
1155 3469 1274 3516 scena-

160 3572 237 3617 rum
262 3549 482 3633 conveniunt,
523 3559 559 3616 ut
589 3549 840 3639 interpellatio
868 3548 1064 3638 Clitiphone
1086 3549 1276 3620 Chremetis

161 3675 350 3719 sermonem
372 3663 542 3742 appareat.
594 3644 752 3720 Facessat
780 3673 863 3742 ergo
892 3650 974 3721 hinc
998 3654 1139 3739 tibicen,
1171 3652 1277 3723 cui‘si

162 3765 233 3823 erut
245 3757 280 3822 in
294 3754 406 3822 media
421 3756 532 3843 aliqua
544 3776 642 3822 scena
654 3755 742 3822 tibiis
759 3754 959 3839 canendum,
984 3755 1276 3826 accommodatior

21 3902 24 3908 -
160 3858 257 3927 locus
281 3859 455 3925 monstrari
474 3866 609 3947 poterat
626 3858 687 3924 Ill.
705 3856 739 3925 1.
760 3867 838 3948 post
859 3881 891 3929 v.
914 3856 974 3926 98.
1027 3859 1116 3929 Cum
1136 3859 1275 3928 tibicine

163 3962 282 4028 existo
305 3961 444 4048 quidem
462 3961 611 4033 Terentii
631 3962 709 4031 loco
723 3960 838 4044 simul,
864 3962 1003 4050 opinor,
1027 3962 1124 4029 illum
1136 3983 1274 4050 quoque

162 4065 255 4132 abire
275 4064 443 4148 iussimuS,
468 4065 526 4151 qui
546 4066 594 4132 ibi
615 4061 659 4132 ad
680 4064 798 4130 tibiam
819 4064 952 4131 saltasse
968 4064 1150 4132 dicebatur.
1202 4062 1273 4131 Sed

163 4168 300 4234 omnino
321 4168 412 4234 unde
433 4166 538 4252 illud,
570 4168 616 4234 ad
636 4174 771 4234 contum
790 4165 931 4233 tibicinis
950 4167 1107 4235 saltatum
1128 4166 1228 4234 fuisse
1252 4191 1272 4232 a

160 4288 353 4359 quoquam,
378 4279 412 4339 et
435 4270 572 4360 quidem
595 4269 790 4363 aprimario
808 4267 995 4341 histrione?
1018 4270 1073 4341 De
1087 4270 1156 4341 hac
1169 4270 1271 4339 salta-
