2826 4904
217 271 262 334 94
571 258 629 320 DE
655 255 984 321 mersurum

218 438 284 509 tori
308 436 488 523 tributum,
527 431 725 524 praesertim
750 453 855 520 quum
875 430 968 499 idem
993 423 1196 523 περιμᾶκεα
1215 432 1342 526 πᾶχιιν

218 541 375 610 babuisse
405 541 544 610 dicatur.
615 537 748 604 Tamen
777 535 850 624 quis
876 542 997 626 neget,
1030 536 1186 624 pulcrum
1216 549 1341 628 pectus

218 669 318 738 posse
345 645 448 713 etiam
467 642 536 711 tale
556 639 717 730 intelligi,
743 637 843 727 quale
864 638 920 705 vel
941 638 1084 705 maxime
1096 639 1205 727 virum
1218 642 1342 710 valen·

217 755 342 817 temet
363 750 538 837 robustum
560 740 703 811 deceat?
726 741 951 809 Nihilominus
966 741 1040 830 quis
1058 762 1126 807 non
1152 747 1340 834 persuasis—

219 853 339 919 simum
354 849 416 917 sibi
430 850 573 932 habeat,
598 844 684 913 illud
696 837 885 916 calderon
899 868 970 912 esse
982 869 1003 911 a
1016 868 1118 912 manu
1140 845 1341 917 Mnasalcae

219 952 442 1045 profectum?
467 951 546 1035 Hic,
572 949 633 1016 nisi
647 947 768 1033 fallor,
793 941 932 1040 κάμνον
943 949 1129 1038 scripserat
1250 1000 1254 1007 .

321 1056 378 1123 Ab
402 1056 441 1123 iis
464 1075 553 1142 quae
580 1049 743 1118 hactenus
761 1050 931 1139 disputata
957 1061 1049 1136 sunt,
1089 1061 1264 1142 postremo
1293 1053 1339 1123 ad

221 1182 297 1229 eam
319 1158 519 1227 deducimur
543 1155 787 1247 cogitationum
806 1153 841 1220 in
865 1175 967 1244 prosa
997 1155 1148 1223 oratione
1178 1165 1213 1223 et
1238 1157 1355 1246 poesi,

221 1262 465 1345 differentiam,
491 1259 630 1347 quaein
643 1258 677 1325 vi
693 1258 803 1347 posita
826 1267 892 1341 est,
918 1279 1021 1344 quarn
1035 1267 1215 1347 utrumque
1231 1283 1341 1351 genus

222 1365 267 1434 ad
287 1365 434 1432 animum
456 1362 570 1430 habet.
621 1361 789 1449 Apertum
813 1369 862 1427 est
886 1361 994 1447 eninr,
1019 1362 1218 1453 cognitionis
1235 1363 1341 1433 finem

221 1478 323 1558 atque
345 1467 505 1537 effectum
525 1465 777 1555 persuasionem
800 1485 886 1546 esse,
912 1464 987 1531 lusu
1006 1475 1120 1532 autem
1136 1465 1340 1534 oblectatio-

221 1595 300 1640 nem
320 1571 427 1663 gigni.
479 1569 580 1636 Vnde
601 1569 771 1657 persuasio
793 1567 932 1657 propria
963 1577 1013 1635 est
1033 1590 1155 1659 prosae
1180 1569 1340 1637 orationis

222 1676 317 1744 cuius
330 1685 436 1742 artem
455 1673 514 1761 qui
526 1670 698 1739 scientiam
720 1670 976 1739 accommodate
996 1671 1041 1738 ad
1065 1671 1338 1760 persuadendum

222 1777 358 1847 dicendi
372 1799 444 1845 esse
459 1783 615 1859 censent,
641 1773 804 1841 deliniunt
818 1774 1011 1842 rectissime.
1062 1776 1209 1842 Poeseos
1227 1785 1340 1843 autem

223 1890 272 1947 est
291 1879 493 1964 oblectatio,
525 1886 628 1965 atque
649 1901 700 1944 ars
724 1879 861 1967 poetica
883 1878 1071 1945 continetur
1091 1877 1254 1947 facultate
1276 1901 1340 1969 ap-

223 1982 334 2073 posite
353 1982 399 2048 ad
416 2003 548 2047 sensum
560 1979 791 2069 pulcritudinis
809 1980 952 2048 dicendi.
1004 1981 1103 2049 Haec
1121 1981 1263 2070 quidem
1281 1980 1341 2049 etsi

224 2085 301 2153 satis
326 2108 390 2175 per
410 2106 447 2151 se
467 2085 558 2153 clara
583 2092 658 2151 sunt
677 2091 777 2170 atque
795 2085 995 2173 perspicua,
1019 2085 1136 2172 paucis
1151 2095 1265 2152 tamen
1282 2106 1340 2153 ex·

223 2188 421 2279 ponendum
450 2187 583 2256 videtur
608 2184 653 2254 de
678 2186 902 2276 persuasione.
966 2186 1164 2254 Persuasum
1191 2196 1340 2256 esseest

224 2291 365 2362 credere
385 2288 564 2361 codvenire
586 2289 735 2377 aliquam
756 2313 830 2357 rem
853 2312 931 2358 cum
953 2301 1066 2357 nostra
1089 2290 1157 2358 eius
1185 2291 1236 2358 rei
1259 2313 1340 2381 per-

224 2396 391 2485 ceptione.
443 2394 505 2461 Est
526 2402 638 2461 autem
661 2392 749 2461 haec
768 2393 892 2483 triplex
915 2394 1163 2479 convenientia,
1196 2415 1263 2483 pro
1279 2395 1342 2461 tri·

224 2497 373 2566 basillis
401 2497 544 2581 viribuS,
570 2497 691 2584 quibus
711 2497 864 2564 universa
884 2497 985 2563 animi
1002 2507 1121 2564 natura
1136 2497 1342 2566 continetur:

223 2599 437 2691 intelligendi
460 2599 658 2668 facultatem
685 2599 783 2682 dico,
808 2611 850 2665 et
880 2622 1032 2684 sensum,
1066 2609 1100 2669 et
1123 2601 1342 2670 voluntatem.

223 2703 279 2772 Ac
300 2727 354 2771 res
374 2701 420 2768 ad
440 2701 651 2792 intelligendi
671 2701 868 2771 facultatem
883 2702 929 2768 ita
946 2703 1150 2788 referuntur,
1175 2713 1214 2771 ut
1231 2726 1341 2793 appa-

226 2813 319 2891 reat,
352 2802 469 2893 quales
489 2827 607 2894 perse
630 2804 709 2884 sint;
744 2804 788 2871 ad
815 2827 944 2873 sensum
966 2807 1029 2891 ita,
1063 2816 1099 2874 ut
1122 2807 1343 2897 intelligatur,

226 2929 295 2996 quo
319 2907 445 2976 effectu
466 2907 510 2973 ad
530 2905 769 2976 iucunditatem
793 2908 872 2988 sint;
898 2908 943 2975 ad
966 2912 1174 2979 voluntatem
1196 2908 1344 2999 denique

224 3012 291 3095 ita,
316 3019 354 3079 ut
369 3019 484 3080 mutua
500 3009 703 3078 efficientiae
716 3010 802 3077 ratio
820 3012 906 3079 inter
920 3035 973 3079 res
990 3023 1140 3080 externas
1153 3022 1254 3101 atque
1270 3015 1346 3080 aui·

225 3137 321 3183 mum
348 3104 557 3182 intercedens
588 3114 822 3205 perspiciatur.
886 3115 1006 3204 ltaque
1039 3118 1146 3184 omnis
1176 3114 1344 3207 orationis,

177 3229 219 3291 14
227 3241 315 3307 quae
335 3216 381 3285 ad
403 3216 677 3308 persuadendum
695 3227 842 3307 spectat,
874 3218 999 3328 triplex
1022 3220 1196 3304 officium,
1219 3219 1345 3310 triplex

226 3322 339 3389 forma
374 3330 434 3390 est.
492 3320 629 3390 Etenim
657 3330 715 3388 aut
750 3321 785 3387 in
813 3319 997 3411 simplici
986 3345 1099 3391 rerum
1131 3332 1344 3391 ertemarum

228 3424 434 3514 expositione
483 3432 648 3509 versatur,
712 3432 750 3492 ut
795 3423 1050 3511 historicorum,
1110 3424 1346 3547 philosopho-

225 3549 321 3611 rum,
372 3546 509 3609 eorum,
548 3527 607 3615 qui
633 3535 720 3594 artes
749 3549 791 3595 ac
819 3528 1008 3618 disciplinas
1034 3528 1188 3598 tradunt:
1221 3529 1344 3598 autin

100 3662 102 3666 ·
227 3628 330 3700 animi
342 3626 575 3697 affectionibus
594 3637 628 3696 et
645 3630 789 3698 motibus
804 3632 985 3701 excitandis
1006 3632 1228 3722 expromitur,
1254 3640 1293 3700 ut
1310 3633 1346 3700 in

226 3732 496 3816 laudationibus,
535 3731 693 3820 omnique
711 3733 772 3800 illo
793 3755 921 3824 genere
946 3734 1099 3821 dicendi,
1131 3736 1228 3825 quod
1258 3740 1344 3810 ἑπι-

228 3828 406 3909 δεικτικόν
422 3834 548 3904 Graeci
562 3844 701 3904 vocantr
727 3844 784 3904 aut
808 3836 1048 3931 adagendum
1062 3838 1209 3929 denique
1229 3846 1263 3906 et
1281 3862 1345 3909 ne-

227 3939 323 4032 gotia
341 3936 536 4024 hominum,
569 3938 683 4006 studiis
705 3950 739 4007 et
758 3940 996 4029 cupiditatibus
1019 3944 1073 4010 vel
1091 3941 1346 4011 commovendis

227 4043 284 4110 vel
302 4040 494 4128 flectendis,
524 4042 684 4127 refertur,
715 4052 755 4109 ut
779 4043 814 4109 in
835 4044 981 4114 iudiciali
1004 4047 1192 4115 orationum
1206 4066 1347 4136 genere,

228 4143 433 4234 omninoque
450 4145 486 4212 in
504 4144 786 4213 admonitionibus
807 4154 908 4237 atque
932 4148 1233 4217 adhortationibus.
1290 4148 1348 4217 Ao

228 4245 333 4318 facile
354 4248 571 4344 intelligitur,
595 4249 744 4342 primum
767 4272 875 4344 genus
894 4275 936 4322 ex
958 4253 1029 4339 his,
1054 4252 1149 4343 qnod
1169 4252 1216 4321 ad
1237 4252 1348 4321 solam
