2826 4904
485 332 893 398 OBSERVATIONES.
1179 339 1243 406 ²01

136 502 230 572 Alibi
250 504 285 571 in
300 506 406 574 verbo
428 511 550 577 πεσεῖν
566 531 589 576 τ
603 526 669 596 pro
684 532 706 578 σ
721 508 836 598 ponit,
860 505 920 574 nbi
934 506 1003 604 dno
1024 531 1046 579 σ
1059 506 1122 575 sibi
1137 507 1245 578 vicina
1368 577 1372 583 .

135 606 247 674 futura
263 619 378 675 essent
428 609 519 676 Hinc
536 615 586 676 est
598 609 812 700 participium
829 615 979 683 πετοῖσοι
995 608 1052 679 01.
1069 610 1146 677 VH.
1158 608 1244 678 128

135 711 233 779 Nem.
249 710 310 778 IV.
328 708 388 778 66.
405 711 554 800 ἔμπετες
574 707 673 800 Pyth.
694 712 787 779 Vlll.
803 710 887 780 117.
938 712 1096 780 Servatur
1119 737 1160 797 o,
1184 712 1245 781 ubi

134 836 203 880 non
219 812 351 882 accedit
367 813 511 880 alterum
534 836 565 884 σ.
597 813 670 880 Sed
691 809 925 887 πετόντεσσιν
942 813 1042 903 Py'th.
1059 814 1100 883 V.
1115 811 1176 881 64.
1200 814 1245 882 ad

134 915 361 1000 Aeolismum,
403 915 448 982 de
476 935 546 1002 qno
573 937 672 1002 mox,
717 917 899 985 retulerim.
963 917 1031 984 Pro
1060 915 1245 989 nasutium

135 1018 253 1085 lsthm.
277 1019 321 1085 11.
346 1016 405 1085 39.
429 1017 639 1086 scribendum
664 1013 851 1091 πιτνάντα.
908 1018 1001 1086 lllud
1027 1012 1184 1090 κάπετον
1211 1027 1245 1088 et

134 1121 306 1189 Alcmanis
322 1119 503 1213 νοβοάνων
527 1120 619 1210 apud
645 1121 830 1211 Hephaest
852 1142 889 1209 p.
905 1120 965 1189 44.
988 1144 1031 1188 ne
1049 1142 1151 1207 quem
1167 1143 1245 1189 mo-

135 1232 224 1308 veat,
248 1231 286 1291 ut
299 1216 640 1315 καβάςεοιίἰιοιιὼιιιι
652 1232 749 1312 putet
762 1226 859 1292 Nem.
873 1223 931 1291 Vl.
947 1221 1007 1292 87.
1029 1223 1063 1289 in
1076 1243 1145 1310 qno
1168 1244 1244 1292 car-

133 1327 223 1394 mine
242 1349 331 1416 pene
355 1325 504 1393 omnium
528 1326 742 1416 stropharum
757 1327 829 1394 finis
848 1335 1024 1418 corruptus
1037 1335 1097 1411 est,
1121 1347 1245 1395 moneo

134 1429 219 1497 ibi
194 1450 242 1496 src
254 1428 439 1519 legendum
451 1427 575 1495 videri:
599 1424 698 1524 βορά
712 1431 755 1503 δι’
768 1455 833 1524 σφι
852 1435 970 1502 νεῖνον
985 1431 1111 1519 ἔμπας,
1139 1431 1244 1520 Καβ·

135 1525 203 1624 βάς
214 1525 378 1620 Ἀχιλεάς
398 1530 514 1623 χαμαὶ
538 1526 586 1602 ὧν
604 1527 674 1625 άφ’
690 1525 863 1627 ἁρμάτων
878 1530 1040 1610 Φαεννάς
1061 1522 1142 1600 vido
1165 1525 1244 1602 εὖτ
1368 1556 1371 1563 ·

137 1626 298 1729 ἐνάριξεν
321 1627 476 1714 Ἀόος
443 1634 552 1726 σιμά
571 1628 910 1726 Ἕγχεοςζονάτοιο.
932 1630 1090 1722 Eprius,
1109 1632 1152 1698 ab
1167 1653 1244 1698 sen

135 1758 174 1802 su
195 1735 487 1855 commendatum,
514 1736 561 1801 ob
581 1746 723 1801 metrum
745 1735 967 1802 necessarium
992 1741 1058 1817 est,
1082 1753 1185 1827 quum
1209 1734 1245 1801 in

134 1839 319 1931 vulgato'
297 1833 418 1928 εμπεά
418 1891 432 1925 ,
460 1835 587 1903 etiamsi
602 1837 727 1904 vocalis
748 1844 924 1924 sequatur,
949 1856 1017 1902 non
1040 1835 1145 1925 possit
1164 1835 1245 1903 bre-

134 1965 210 2010 vem
231 1939 395 2030 syllabam
418 1938 645 2030 apostrophus
661 1947 737 2006 ante
760 1940 932 2009 anacrusin
947 1938 1110 2028 excipere.
1134 1934 1245 2028 Ἀχι-

135 2038 215 2123 λεάς
226 2065 294 2111 uno
309 2047 329 2115 λ
344 2042 421 2110 cod.
436 2044 527 2133 Aug.
548 2038 627 2114 Ὦν
645 2041 781 2127 addidi,
793 2042 900 2131 ,quod
920 2041 999 2110 alibi
1020 2062 1156 2129 quoque
1167 2039 1246 2107 Hos

134 2168 265 2213 merum
287 2145 435 2233 sequitur
451 2143 624 2212 Pindarus.
661 2144 919 2234 correptionem
939 2141 1147 2232 diphthongi
1171 2150 1247 2210 ante

135 2248 208 2314 hoc
227 2268 416 2336 pronomen
427 2255 539 2312 tuetur
555 2244 613 2313 01.
629 2245 671 2312 V.
687 2245 747 2312 lt.
778 2240 887 2326 Ἀόος
900 2243 1077 2312 Schmidio
1092 2243 1247 2311 debetur:

136 2359 282 2418 metrum
301 2358 392 2419 certe
412 2347 502 2415 hanc
525 2347 670 2414 formam
695 2348 847 2435 requirit:
887 2347 969 2415 alibi
993 2355 1097 2437 poeta
1125 2342 1251 2433 Ἀοῦς,

137 2449 308 2548 Ἀργοῦς,
340 2452 503 2530 Κλεοῦς,
539 2449 599 2517 sed
622 2448 723 2539 Pyth.
749 2450 810 2519 IV.
837 2448 923 2521 182.
940 2448 995 2516 ed.
1010 2451 1248 2544 RomXopo·

138 2558 241 2633 ιλοῖς.
291 2549 416 2646 Ἀνμᾷ
441 2551 604 2641 denique,
633 2552 701 2619 iam
727 2554 771 2620 ab
791 2552 862 2620 aliis
879 2553 1079 2636 inventum,
1113 2559 1148 2618 ct
1173 2573 1247 2617 sae-

137 2659 212 2748 pius
229 2656 380 2724 similiter
401 2678 422 2721 a
442 2655 590 2723 Pindaro
606 2664 799 2746 usurpatur,
824 2676 888 2725 nec
910 2654 1015 2723 semel
1037 2675 1116 2724 cum
1131 2651 1247 2747 αἰχμᾷ

137 2767 362 2850 permutatum
376 2757 549 2826 invenitur,
575 2757 647 2826 Sed
667 2766 710 2826 nc
731 2759 785 2827 cui
801 2758 837 2826 in
858 2757 996 2847 reliquis
1009 2754 1155 2846 strophis
1173 2777 1247 2823 me-

138 2872 226 2930 trum
245 2861 458 2930 difficultates
474 2861 626 2944 obiiciat,
652 2859 697 2928 de
718 2859 773 2928 his
796 2868 932 2950 quoque
955 2858 1135 2929 dicendum
1149 2865 1246 2949 puto.
1286 2896 1294 2905 -

138 2966 191 3035 Ac
213 2989 245 3033 v.
263 2963 322 3031 12.
344 2963 557 3031 scribendum
570 2962 712 3031 'videtur
733 2970 815 3036 οἷον
836 2960 926 3036 aiu't
950 2985 981 3030 v.
1004 2958 1068 3030 25.
1091 2960 1157 3035 οὖν
1177 2960 1246 3032 πό..

140 3092 277 3162 φαντοι
299 3062 363 3137 οὐκ
388 3064 570 3161 ἄμμορος,
599 3065 660 3133 ubi
683 3063 850 3163 ἄμμορος
863 3066 941 3136 cod
960 3069 1051 3156 Aug.
1072 3061 1246 3154 praebuit·
1354 3065 1356 3069 ‘

137 3193 167 3237 v.
184 3168 246 3237 49.
259 3165 405 3263 edulio,
430 3168 541 3235 forma
553 3168 598 3233 ab
612 3168 766 3235 Homero
783 3177 941 3257 accepta,
967 3165 1061 3255 apud
1077 3187 1181 3252 quem
1198 3167 1303 3230 est18

138 3268 384 3364 άιληεῖςΗίοιί.
403 3269 480 3336 Xll.
496 3267 581 3337 318.
580 3267 748 3395 deniqne
766 3290 798 3334 v.
820 3266 881 3336 99.
905 3267 1050 3359 ἄγγελος
1069 3265 1158 3355 ἔβαν
1174 3263 1250 3353 (seu

138 3375 251 3464 potius
272 3371 360 3463 βάν)
378 3363 589 3463 πεμπτάνν’
609 3368 666 3441 ἐπὶ
688 3372 812 3441 εἴιοσι.
836 3365 1004 3442 Euisine
1025 3366 1092 3473 elis'
1083 3387 1161 3434 rone
1178 3388 1250 3435 essa

123 3477 172 3544 'in
186 3476 264 3547 eod.
283 3473 400 3564 Augss
391 3495 459 3540 ram
474 3494 576 3562 supra
590 3471 744 3540 indicavi

238 3576 429 3645 Dicendum
459 3585 509 3643 est
537 3574 682 3663 denique
708 3575 809 3642 etiam
838 3571 883 3640 de
904 3571 1078 3642 Aeolismo
1102 3568 1260 3655 Pindari,

138 3680 207 3770 qui,
235 3681 368 3750 sirecte
382 3678 544 3763 diiudico,
571 3677 699 3767 duplex
712 3685 771 3760 est,
795 3676 880 3743 alius
900 3675 1086 3744 communis
1101 3673 1251 3741 omnium

139 3785 210 3852 eius
232 3783 432 3867 carminum,
469 3782 552 3849 alius
580 3780 804 3869 quorumdam
834 3777 1003 3869 proprius.
1052 3776 1169 3846 Habet
1192 3773 1252 3842 hic

139 3887 235 3957 locus
257 3908 417 3977 magnam
435 3868 688 3966 difficultatem,
714 3906 777 3952 nec
795 3904 884 3950 nunc
905 3879 1087 3969 quidem
1056 3879 1117 3947 mn'
1132 3879 1256 3968 primis

139 3989 234 4057 lineis
247 3989 392 4057 describi
409 3996 530 4077 potest.
581 3985 715 4052 Metam
730 3986 835 4053 semel
849 3983 1078 4073 quaestionem
1098 3981 1160 4048 erit
1177 3979 1251 4047 for

139 4103 228 4160 tasse
246 4090 426 4181 aliquando
450 4089 509 4178 qni
530 4088 660 4179 plenius
681 4096 809 4157 tractet.
859 4085 1059 4154 Harmonias
1077 4082 1250 4168 Pindarus,
1301 4149 1302 4152 ,

141 4196 263 4284 quibus
287 4217 364 4262 usus
383 4194 441 4276 sit,
476 4201 720 4260 commemorat
740 4200 824 4274 treS,
853 4189 1031 4271 Doricam,
1063 4187 1251 4271 Aeolicam,

141 4297 296 4387 Lydiam.
348 4295 476 4367 Dorica
500 4303 534 4363 et
555 4294 697 4364 Aeolica
725 4294 842 4384 quales
864 4291 1004 4375 fuerint,
1035 4289 1207 4362 docebit
1197 4312 1250 4361 ιιι-
