2826 4904
179 311 266 385 '224
429 316 489 379 DE
517 315 703 379 ELLlPSI
732 258 1089 379 tulttsonasuto

203 491 381 585 augendae
401 490 456 559 vel
472 489 722 560 confirmandae
736 488 1033 570 caussadicuntur.
1084 483 1177 555 Cave
1204 492 1319 555 tameo

153 668 155 675 4
202 593 273 665 huc
294 595 432 664 traxeris
453 594 623 686 Euripidis
637 616 771 663 versum
784 593 819 661 in
836 590 957 661 Oreste
973 586 1059 659 538.

333 726 426 804 ὅπου
444 755 484 804 σε
505 732 622 825 μέλλω
648 723 714 828 σήν
734 756 776 804 τε
796 722 967 825 λυπήσειν
989 725 1127 824 φρένα,

74 936 77 943 .
135 869 266 940 206οοί
278 856 444 938 verissime
458 867 676 961 Musgravins
689 865 894 950 emendavit,

330 1003 424 1083 ὅπου
445 1033 486 1100 με
501 1006 617 1099 μέλλω
638 997 705 1100 σήν
723 1030 763 1076 τι
787 997 959 1100 λυπήσειν
985 1000 1109 1097 φρένα.

202 1144 290 1211 Nam
313 1130 497 1232 Sophoclis
516 1142 652 1227 locum,
682 1161 751 1229 qno
780 1141 953 1232 vulgatam
973 1139 1007 1205 in
1029 1133 1204 1225 Euripidis
1222 1157 1317 1209 uersu

202 1247 384 1316 lectionem
399 1255 510 1314 tuetur
522 1247 702 1328 Porsonus,
721 1242 748 1309 si
762 1242 955 1336 diligentius
969 1239 1182 1310 considerare
1194 1240 1318 1309 voluis-

202 1359 271 1435 set,
297 1349 529 1419 alienissimum
550 1370 620 1417 esse
643 1347 873 1432 intellexisset,
897 1348 933 1413 in
953 1346 1059 1413 Aiace
1078 1365 1111 1410 v.
1132 1339 1246 1409 114⁷.

333 1465 554 1542 adsedissent
571 1470 609 1543 σέ
621 1469 682 1542 καὶ
695 1461 741 1541 τά
757 1460 821 1541 σάν
838 1460 974 1562 λάβρον
989 1457 1111 1557 στόμα

332 1570 487 1665 σμικροῦ
501 1573 630 1665 νέφους
650 1566 735 1661 τάχ’
760 1567 806 1641 άν
825 1596 879 1649 τις
902 1561 1093 1647 ε’κπνεύσας
1105 1567 1219 1661 μέγας

331 1668 466 1767 χειμάν
484 1676 717 1768 κατασβέσειε
740 1665 808 1771 τήν
832 1663 967 1768 πολλήν
987 1662 1090 1764 βοήν.

101 1880 108 1905 Ι
204 1793 276 1862 Sed
296 1791 367 1863 hoe
386 1793 496 1862 obiter
514 1794 678 1864 indicasse
703 1793 779 1862 satis
805 1800 854 1860 est
875 1791 925 1884 ¹¹¹).

307 1930 426 1998 Tertia
452 1930 561 1999 classis
590 1940 638 1998 est
667 1930 995 2022 circumscriptionis,
1030 1929 1149 2000 usitata
1178 1929 1316 1997 maxime

203 2034 333 2124 poetis,
358 2042 397 2101 ut
419 2025 635 2129 ὀδυρμάτων
657 2032 812 2129 θρῆνοι,
839 2028 985 2128 θρήνων
1007 2028 1177 2126 ὀδυρμοί,
1204 2031 1316 2130 κοίτης

205 2136 373 2232 λέκτρον,
409 2137 565 2232 λέκτρων
585 2141 729 2224 κοῖται,
765 2131 867 2232 εὐνῆς
890 2138 1007 2225 λέχος,
1034 2159 1122 2224 quae
1143 2135 1264 2203 iniuria
1286 2136 1316 2220 in

203 2238 408 2329 pleonasmis
427 2248 579 2307 nurnerat
605 2240 773 2307 Porsonus
795 2238 840 2306 ad
861 2239 996 2307 Hecnb.
1017 2237 1104 2307 aot.
1162 2239 1255 2306 Nam
1279 2261 1316 2305 ne

204 2341 264 2410 hic
288 2341 427 2431 quidem
449 2340 634 2431 quidquam
656 2351 722 2427 est,
747 2341 842 2430 quod
864 2363 933 2410 non
953 2343 1065 2429 veniat
1085 2341 1120 2408 in
1139 2342 1316 2437 cogitatio-

203 2468 297 2513 nem:
327 2445 409 2533 quin
428 2468 541 2536 «saepe
566 2445 665 2512 etiam
697 2454 824 2537 augent
852 2444 915 2512 ista
941 2444 1009 2512 vim
1039 2453 1074 2514 et
1103 2443 1316 2536 splendorem

205 2549 382 2637 orationis,
415 2557 452 2618 nt
477 2547 565 2615 illud
586 2547 765 2638 Aeschyli:

333 2683 421 2780 τῆλε
435 2679 525 2783 πρός
541 2677 676 2778 δυσμαῖς
694 2682 848 2779 ἄνακτος
860 2680 993 2758 Ἠλίου
1015 2680 1294 2780 φθινασμάτων.

312 2820 442 2905 Quarta
455 2820 567 2888 classis
579 2821 806 2912 permixtionis
822 2829 871 2888 est
887 2820 1091 2891 diversamm
1103 2824 1316 2916 locutionum,

204 2946 273 3013 qua
285 2923 478 3013 saepissime
499 2924 558 3009 lit,
582 2933 620 2992 ut
631 2924 759 3013 aliquid
779 2922 951 2993 abundare
978 2926 1146 3012 videatur,
1172 2929 1267 3016 quod
1285 2949 1318 2994 re

205 3048 366 3097 veranon
388 3025 545 3093 abundat.
597 3026 677 3096 Hoc
692 3050 816 3119 genus,
841 3049 909 3094 non
923 3028 1202 3117 animadversum,
1229 3029 1318 3120 quod

105 3210 107 3219 ρ
206 3131 329 3214 sciam,
363 3128 513 3197 edoctis
531 3127 741 3217 hominibus,
766 3130 922 3200 latissime
942 3142 1045 3222 patet.
1097 3134 1186 3202 Satis
1209 3133 1318 3202 habeo

205 3255 318 3326 pauca
334 3231 378 3301 de
394 3231 511 3302 'multis
532 3234 688 3325 exempla
709 3255 983 3303 commemorare.
1035 3236 1232 3326 Xenophon
1252 3237 1320 3326 Gy-

207 3360 283 3428 rop.
309 3336 335 3404 l.
363 3335 399 3420 3,
426 3333 460 3404 8.
486 3334 547 3421 καὶ
568 3329 634 3409 τόν
652 3332 858 3433 Ἀστυάγην
880 3332 1075 3431 σκώψαντα
1092 3342 1227 3429 εἰπεῖν,
1255 3336 1319 3430 οὐχ

208 3437 315 3534 ὁρᾷς,
341 3433 476 3534 φάναι,
492 3468 494 3474 ·
512 3436 557 3519 oie
579 3439 691 3521 καλῶς
713 3444 873 3530 οἰνοχοεῖ
891 3441 950 3512 καὶ
977 3435 1223 3539 εὐσχημάνοςς
1255 3443 1319 3513 So·

206 3541 352 3636 phocles
377 3540 523 3611 Philoct.
550 3537 637 3608 315.

139 3663 204 3728 φφ(
788 3643 841 3724 οἷς
859 3639 1055 3737 Ὀλύμπιοι
1077 3645 1163 3720 θεοὶ

336 3751 434 3823 δοῖεν
462 3742 550 3821 ποτ’
574 3742 697 3829 αὐτοῖς
719 3741 903 3821 άντίποιν’
936 3750 1029 3842 ἐμοῦ
1060 3756 1194 3840 τυχεῖν.

248 4052 280 4132 *)
306 4054 464 4134 Repugnat
483 4052 517 4112 in
537 4051 699 4112 novissima
720 4051 851 4112 editione
873 4051 1066 4130 Schaelerus,
1094 4055 1249 4137 aptissime
1271 4057 1326 4118 So·

206 4135 324 4218 phoelis
353 4139 521 4220 exemplum
550 4135 716 4218 comparari
745 4139 936 4204 contendens.
996 4141 1110 4201 Vellem
1144 4143 1196 4203 vel
1223 4141 1326 4222 aliqua

207 4242 329 4297 eorum,
358 4245 435 4303 quae
462 4225 495 4284 in
524 4223 577 4291 illa
605 4222 797 4282 adnotatione
825 4223 914 4301 dixit,
953 4235 1127 4305 argumenta
1166 4227 1326 4289 attulisset

206 4306 325 4368 Mecum
345 4308 417 4370 facit
438 4307 595 4386 Matthiae,
619 4330 654 4371 ac
675 4317 790 4392 patres
812 4311 956 4391 praebent
975 4311 1055 4372 libri.
1132 4321 1135 4326 “
1173 4313 1177 4324 “
