2826 4904
95 338 98 343 ·
200 293 265 360 2⁰⁰
425 285 484 350 DE
505 285 687 351 ELIsIPSl
714 284 770 347 ET
796 281 1083 348 PLEONASMO

303 457 362 531 Ad
388 457 543 549 eamdem
569 459 708 531 classem
741 457 841 527 etiam
866 455 928 525 illa
951 455 1118 547 pertinent
1141 452 1314 544 exemplo,

201 584 290 652 quoe
316 585 337 630 a
363 560 562 650 quibusdam
590 585 655 654 per
676 561 921 651 appositionem
949 558 1173 648 explicantur,
1215 555 1314 646 quod

200 665 283 735 fecit
303 662 471 732 Matthiae
484 664 520 732 in
537 665 757 757 grammatica
779 662 912 734 Graeca
932 683 968 751 p.
984 657 1092 745 591„
1118 682 1206 748 quae
1224 660 1312 726 ratio

201 768 309 837 midto
332 774 423 837 certe
442 758 553 834 verior
574 776 623 836 est
644 775 678 835 et
703 767 830 857 aptior,
856 787 977 854 quam,
1004 784 1072 852 quo
1089 763 1146 829 alii
1163 771 1312 847 utuntur,

202 869 360 987 ellipseos
377 868 572 937 remedium
622 868 676 936 lle
694 869 822 960 ingenti
842 866 1092 956 exemplorum,
1115 887 1205 955 quae
1227 886 1312 933 oon-

200 971 277 1064 geri
295 979 448 1062 possent,
474 971 575 1065 eopia
593 972 670 1040 satis
683 973 747 1094 erit
762 994 873 1063 pauca
890 968 1124 1041 considerasse.
1176 967 1312 1038 Home-

202 1073 311 1144 ricum
333 1072 437 1159 illud,

583 1171 750 1252 θάνατόν
772 1170 816 1251 νύ
836 1201 897 1249 τοι
919 1171 1013 1270 ὄρνι
1037 1175 1211 1267 ἔταμνον,

135 1319 283 1385 meunt
303 1313 362 1402 qui
388 1311 565 1382 omissione
587 1313 845 1406 praepositionis
866 1314 913 1393 εἰς
939 1311 1115 1401 explicent
1184 1309 1235 1378 At
1252 1309 1312 1377 etsi

200 1413 290 1484 haee
310 1436 389 1486 eum
408 1416 658 1506 praepositione
674 1417 743 1487 dici
761 1424 958 1507 potuerunt,
984 1437 1052 1482 non
1068 1421 1117 1481 est
1133 1420 1247 1479 tamen
1260 1412 1311 1478 in-

200 1516 388 1609 telligenda
409 1519 633 1609 praepositio,
658 1521 718 1589 ubi
739 1521 860 1588 omissa
875 1527 938 1584 est:
960 1517 1021 1585 sed
1042 1515 1194 1583 diversae
1211 1535 1312 1605 pror-

201 1641 258 1689 sus
280 1620 363 1701 istae
380 1621 569 1691 locutiones
591 1632 675 1691 sunt.
725 1624 834 1691 Recte
856 1620 959 1711 igitur
980 1619 1061 1686 talia
1076 1616 1247 1686 Matthiae
1266 1617 1312 1685 sie

137 1756 143 1771 ·
199 1723 451 1813 interpretatur:
477 1720 581 1820 ὅρκια
598 1726 779 1816 ἔταμνον,
810 1721 933 1796 ἄὲστί
950 1747 1009 1793 σοι
1031 1715 1205 1802 θάνατος.
1241 1718 1310 1790 Sed

201 1825 383 1895 dicendum
406 1833 456 1894 est
478 1826 596 1912 etiam,
628 1828 687 1918 qui
708 1827 835 1896 factum
860 1825 919 1909 sit,
952 1832 991 1891 ut
1020 1825 1068 1893 sio
1086 1823 1309 1912 loquerentur.

201 1926 341 1997 Clarum
360 1947 440 1995 vero
464 1936 530 2013 est,
564 1927 632 1996 duo
657 1930 692 1997 in
713 1929 765 1997 his
784 1927 894 1997 verbis
915 1927 1040 2011 latere,
1079 1948 1184 1993 unum
1208 1923 1310 2019 ὅρκια

200 2029 361 2122 ἔταμνον
366 2082 381 2119 ,
408 2030 549 2098 alterum
562 2024 730 2104 θάνατόν
747 2057 806 2103 σοι
826 2022 1088 2107 κατεσκεύασα,
1115 2025 1212 2118 quod
1233 2027 1311 2094 ulti-

200 2153 295 2200 mum
332 2132 412 2221 quia
447 2130 576 2202 factum
604 2143 675 2202 erat
695 2133 847 2202 feriendo
871 2131 1030 2214 foedere,
1073 2138 1254 2219 utrumque
1280 2130 1312 2196 in

201 2256 303 2302 unam
334 2233 540 2306 locutionem
572 2237 749 2307 confusum
791 2245 856 2322 est,
901 2225 1069 2307 θάνατόν
1114 2261 1177 2308 τοι
1227 2227 1312 2330 ὅρκι’

202 2336 372 2432 ἔταμνον.
398 2335 458 2408 sio
479 2339 514 2410 lu
537 2339 618 2408 illo:

583 2439 666 2515 οὔτι
686 2440 816 2537 ψεῦδος
840 2432 927 2533 ἐμοῖς
951 2435 1041 2517 ἄτας
1063 2438 1270 2526 κατέλεξας,

200 2572 236 2642 id
252 2582 322 2662 est,
349 2574 432 2695 οὔτε
448 2577 579 2673 ψεῦδος
596 2564 733 2665 ἔλεξας,
761 2568 849 2669 ε’μοῖς
868 2571 1193 2668 οἴταςκαταλέμοιν.
1243 2573 1311 2642 Ae-

201 2675 372 2768 schylus
362 2702 398 2746 ιιι
419 2683 542 2774 Agens.
564 2704 594 2749 v.
621 2679 708 2748 233.

304 2814 391 2887 ετλα
405 2810 450 2886 d
456 2842 520 2888 οον
533 2808 652 2911 θντήρ
667 2814 839 2909 γενέσθαι
853 2804 1047 2935 θυγατρός,
1112 2848 1115 2853 r

302 2915 586 3010 γυναικοποίνων
601 2912 806 3009 πολέμων
781 2942 944 3013 αρονγαν,

302 3015 362 3089 καὶ
385 3020 579 3113 προτέλεια
597 3020 714 3098 ναῶν,

200 3149 318 3237 idest,
344 3148 472 3227 tela·
447 3181 593 3274 αρωναν
607 3155 774 3248 πολέμων
790 3182 850 3227 και
841 3152 1058 3248 προτέλεια
1079 3150 1176 3224 ναοῖν
1191 3176 1314 3246 παρα·

202 3246 395 3426 expurigare,
429 3250 551 3357 θντήρ
573 3253 765 3353 γενόμενος
785 3249 978 3353 θυγατρός.
1010 3253 1213 3347 Euripides
1241 3254 1316 3323 He-

201 3377 245 3426 ou

303 3484 357 3580 ην
374 3455 409 3531 d
432 3463 469 3543 ἐξ
489 3456 651 3550 Αχαιοῖν
674 3455 900 3587 do'pvflpcri'
900 3457 1085 3586 πικορριά,

303 3553 506 3650 πάσχοντος
530 3558 659 3689 ανδρος
692 3555 829 3682 Θρῃκος
850 3561 911 3632 οἶα
933 3559 1109 3650 πείσεται,

304 3662 403 3760 φανῇ
414 3689 470 3743 τις
476 3716 492 3752 ,
519 3661 613 3761 εἶργε
621 3719 636 3755 ,
661 3690 712 3762 μη
704 3657 878 3738 douoiv’
859 3690 950 3759 εμην
965 3688 1083 3763 χαριν

200 3798 336 3871 Ibidem
360 3821 392 3867 v.
415 3792 502 3868 885.

638 3897 794 3975 καλεῖ
765 3929 786 3974 σ
817 3899 958 3975 ἄνασσα
975 3895 1107 3998 δήποτ’
1128 3895 1241 3976 Iir'oo
1354 3973 1360 3976 ,

303 3996 504 4104 Εκαβη,
491 4029 557 4079 σον
580 3999 645 4077 οὐκ
665 4003 857 4079 ἔλασσον
834 4032 855 4102 η
870 4003 984 4099 κείνης
998 4001 1112 4100 χρεᾞος
1229 4082 1233 4091 ,

201 4123 336 4194 Ibidem
362 4147 394 4192 v.
426 4121 513 4193 911.

73 4354 77 4360 ,
137 4267 201 4332 174
306 4269 344 4317 τι
338 4238 471 4341 Ηχρῆμ
490 4242 639 4339 ἐπέμψω
657 4234 725 4317 τον
739 4233 829 4336 ἐμον
843 4244 880 4316 ἑκ
896 4235 1018 4339 δόμον
1037 4235 1133 4316 πόδα
1141 4268 1156 4332 ,·
