<?xml version="1.0" encoding="UTF-8"?>
<!DOCTYPE html PUBLIC "-//W3C//DTD XHTML 1.0 Transitional//EN"
    "http://www.w3.org/TR/xhtml1/DTD/xhtml1-transitional.dtd">
<html xmlns="http://www.w3.org/1999/xhtml" xml:lang="en" lang="en">
 <head>
  <title>
</title>
<meta http-equiv="Content-Type" content="text/html;charset=utf-8" />
  <meta name='ocr-system' content='tesseract 3.04.00' />
  <meta name='ocr-capabilities' content='ocr_page ocr_carea ocr_par ocr_line ocrx_word'/>
</head>
<body>
  <div class='ocr_page' id='page_1' title='image "./opuscula02hermgoog/opuscula02hermgoog_0099.png"; bbox 0 0 2826 4904; ppageno 0'>
   <div class='ocr_carea' id='block_1_1' title="bbox 200 282 965 351">
    <p class='ocr_par' dir='ltr' id='par_1_1' title="bbox 200 282 965 351">
     <span class='ocr_line' id='line_1_1' title="bbox 200 282 965 351; baseline -0.009 0"><span class='ocrx_word' id='word_1_1' title='bbox 200 289 245 351; x_wconf 76' lang='lat'><strong>88</strong></span> <span class='ocrx_word' id='word_1_2' title='bbox 555 286 614 348; x_wconf 85' lang='lat' dir='ltr'><strong>DE</strong></span> <span class='ocrx_word' id='word_1_3' title='bbox 636 282 965 349; x_wconf 77' lang='lat' dir='ltr'><strong>DlFFliltllNTld</strong></span> 
     </span>
    </p>
   </div>
   <div class='ocr_carea' id='block_1_2' title="bbox 194 455 1324 1478">
    <p class='ocr_par' dir='ltr' id='par_1_2' title="bbox 194 455 1324 1478">
     <span class='ocr_line' id='line_1_2' title="bbox 194 455 1323 552; baseline -0.002 -26"><span class='ocrx_word' id='word_1_4' title='bbox 194 462 239 526; x_wconf 82' lang='lat' dir='ltr'><strong>‘ut</strong></span> <span class='ocrx_word' id='word_1_5' title='bbox 251 458 345 527; x_wconf 85' lang='lat' dir='ltr'><strong>brevi</strong></span> <span class='ocrx_word' id='word_1_6' title='bbox 359 460 584 552; x_wconf 87' lang='lat' dir='ltr'><strong>complectar,</strong></span> <span class='ocrx_word' id='word_1_7' title='bbox 610 460 671 529; x_wconf 90' lang='lat' dir='ltr'><strong>ubi</strong></span> <span class='ocrx_word' id='word_1_8' title='bbox 685 467 799 526; x_wconf 85' lang='lat' dir='ltr'><strong>orator</strong></span> <span class='ocrx_word' id='word_1_9' title='bbox 815 457 942 524; x_wconf 88' lang='lat' dir='ltr'><strong>animos</strong></span> <span class='ocrx_word' id='word_1_10' title='bbox 965 474 1178 522; x_wconf 87' lang='lat' dir='ltr'><strong>commovere</strong></span> <span class='ocrx_word' id='word_1_11' title='bbox 1192 455 1323 541; x_wconf 82' lang='lat' dir='ltr'><strong>studet,</strong></span> 
     </span>
     <span class='ocr_line' id='line_1_3' title="bbox 200 558 1324 646; baseline -0.003 -17"><span class='ocrx_word' id='word_1_12' title='bbox 200 560 272 630; x_wconf 90' lang='lat' dir='ltr'><strong>hoc</strong></span> <span class='ocrx_word' id='word_1_13' title='bbox 286 563 318 630; x_wconf 90' lang='lat' dir='ltr'><strong>ci</strong></span> <span class='ocrx_word' id='word_1_14' title='bbox 333 563 518 631; x_wconf 90' lang='lat' dir='ltr'><strong>curandum</strong></span> <span class='ocrx_word' id='word_1_15' title='bbox 538 572 606 646; x_wconf 86' lang='lat' dir='ltr'><strong>est,</strong></span> <span class='ocrx_word' id='word_1_16' title='bbox 632 573 668 629; x_wconf 90' lang='lat' dir='ltr'><strong>ut</strong></span> <span class='ocrx_word' id='word_1_17' title='bbox 690 561 800 629; x_wconf 88' lang='lat' dir='ltr'><strong>studia</strong></span> <span class='ocrx_word' id='word_1_18' title='bbox 823 559 1013 627; x_wconf 86' lang='lat' dir='ltr'><strong>auditorum</strong></span> <span class='ocrx_word' id='word_1_19' title='bbox 1028 558 1071 624; x_wconf 92' lang='lat' dir='ltr'><strong>ab</strong></span> <span class='ocrx_word' id='word_1_20' title='bbox 1088 559 1126 625; x_wconf 88' lang='lat' dir='ltr'><strong>iis</strong></span> <span class='ocrx_word' id='word_1_21' title='bbox 1139 560 1257 643; x_wconf 88' lang='lat' dir='ltr'><strong>rebus,</strong></span> <span class='ocrx_word' id='word_1_22' title='bbox 1285 560 1324 626; x_wconf 89' lang='lat' dir='ltr'><strong>in</strong></span> 
     </span>
     <span class='ocr_line' id='line_1_4' title="bbox 201 662 1323 759; baseline -0.003 -27"><span class='ocrx_word' id='word_1_23' title='bbox 201 665 321 755; x_wconf 81' lang='lat' dir='ltr'><strong>qrdbus</strong></span> <span class='ocrx_word' id='word_1_24' title='bbox 346 690 386 734; x_wconf 91' lang='lat' dir='ltr'><strong>ea</strong></span> <span class='ocrx_word' id='word_1_25' title='bbox 406 675 592 751; x_wconf 84' lang='lat' dir='ltr'>versantur,</span> <span class='ocrx_word' id='word_1_26' title='bbox 611 665 663 759; x_wconf 31' lang='lat' dir='ltr'><strong>‚ad</strong></span> <span class='ocrx_word' id='word_1_27' title='bbox 683 688 737 732; x_wconf 88' lang='lat' dir='ltr'><strong>eas</strong></span> <span class='ocrx_word' id='word_1_28' title='bbox 753 686 825 747; x_wconf 88' lang='lat' dir='ltr'><strong>res,</strong></span> <span class='ocrx_word' id='word_1_29' title='bbox 851 662 1029 751; x_wconf 88' lang='lat' dir='ltr'><strong>dequibus</strong></span> <span class='ocrx_word' id='word_1_30' title='bbox 1046 662 1232 728; x_wconf 87' lang='lat' dir='ltr'><strong>orationem</strong></span> <span class='ocrx_word' id='word_1_31' title='bbox 1250 662 1323 729; x_wconf 87' lang='lat' dir='ltr'><strong>ha-</strong></span> 
     </span>
     <span class='ocr_line' id='line_1_5' title="bbox 200 764 1321 855; baseline -0.004 -18"><span class='ocrx_word' id='word_1_32' title='bbox 200 767 275 852; x_wconf 88' lang='lat' dir='ltr'><strong>bet,</strong></span> <span class='ocrx_word' id='word_1_33' title='bbox 308 769 501 838; x_wconf 84' lang='lat' dir='ltr'><strong>transferat:</strong></span> <span class='ocrx_word' id='word_1_34' title='bbox 534 769 572 838; x_wconf 92' lang='lat' dir='ltr'><strong>id</strong></span> <span class='ocrx_word' id='word_1_35' title='bbox 589 790 671 841; x_wconf 85' lang='lat' dir='ltr'><strong>¹vero</strong></span> <span class='ocrx_word' id='word_1_36' title='bbox 697 777 746 836; x_wconf 88' lang='lat' dir='ltr'><strong>est</strong></span> <span class='ocrx_word' id='word_1_37' title='bbox 767 768 896 851; x_wconf 85' lang='lat' dir='ltr'><strong>facere,</strong></span> <span class='ocrx_word' id='word_1_38' title='bbox 931 774 969 832; x_wconf 93' lang='lat' dir='ltr'><strong>ut</strong></span> <span class='ocrx_word' id='word_1_39' title='bbox 992 764 1110 851; x_wconf 86' lang='lat' dir='ltr'><strong>aliquis</strong></span> <span class='ocrx_word' id='word_1_40' title='bbox 1137 765 1321 855; x_wconf 83' lang='lat' dir='ltr'><strong>intelligat,</strong></span> 
     </span>
     <span class='ocr_line' id='line_1_6' title="bbox 201 870 1322 961; baseline -0.004 -21"><span class='ocrx_word' id='word_1_41' title='bbox 201 892 280 940; x_wconf 90' lang='lat' dir='ltr'><strong>cum</strong></span> <span class='ocrx_word' id='word_1_42' title='bbox 290 870 329 938; x_wconf 83' lang='lat' dir='ltr'><strong>iis</strong></span> <span class='ocrx_word' id='word_1_43' title='bbox 350 873 466 960; x_wconf 87' lang='lat' dir='ltr'><strong>rebus,</strong></span> <span class='ocrx_word' id='word_1_44' title='bbox 492 896 574 960; x_wconf 87' lang='lat' dir='ltr'><strong>quas</strong></span> <span class='ocrx_word' id='word_1_45' title='bbox 588 871 703 961; x_wconf 85' lang='lat' dir='ltr'><strong>magui</strong></span> <span class='ocrx_word' id='word_1_46' title='bbox 718 870 839 953; x_wconf 87' lang='lat' dir='ltr'><strong>faciat,</strong></span> <span class='ocrx_word' id='word_1_47' title='bbox 866 891 947 956; x_wconf 88' lang='lat' dir='ltr'><strong>quas</strong></span> <span class='ocrx_word' id='word_1_48' title='bbox 961 876 1113 956; x_wconf 86' lang='lat' dir='ltr'><strong>expetat,</strong></span> <span class='ocrx_word' id='word_1_49' title='bbox 1140 889 1222 955; x_wconf 90' lang='lat' dir='ltr'><strong>quas</strong></span> <span class='ocrx_word' id='word_1_50' title='bbox 1242 892 1322 936; x_wconf 91' lang='lat' dir='ltr'><strong>me·</strong></span> 
     </span>
     <span class='ocr_line' id='line_1_7' title="bbox 200 970 1321 1062; baseline -0.002 -21"><span class='ocrx_word' id='word_1_51' title='bbox 200 981 288 1060; x_wconf 87' lang='lat' dir='ltr'><strong>tuat,</strong></span> <span class='ocrx_word' id='word_1_52' title='bbox 320 997 403 1062; x_wconf 89' lang='lat' dir='ltr'><strong>quas</strong></span> <span class='ocrx_word' id='word_1_53' title='bbox 425 975 554 1060; x_wconf 85' lang='lat' dir='ltr'><strong>oderit,</strong></span> <span class='ocrx_word' id='word_1_54' title='bbox 591 975 673 1042; x_wconf 88' lang='lat' dir='ltr'><strong>alias</strong></span> <span class='ocrx_word' id='word_1_55' title='bbox 696 997 767 1041; x_wconf 88' lang='lat' dir='ltr'><strong>esse</strong></span> <span class='ocrx_word' id='word_1_56' title='bbox 792 973 1001 1058; x_wconf 84' lang='lat' dir='ltr'><strong>coniunctas,</strong></span> <span class='ocrx_word' id='word_1_57' title='bbox 1046 992 1133 1057; x_wconf 87' lang='lat' dir='ltr'><strong>quae</strong></span> <span class='ocrx_word' id='word_1_58' title='bbox 1167 970 1321 1039; x_wconf 88' lang='lat' dir='ltr'><strong>eiusdem</strong></span> 
     </span>
     <span class='ocr_line' id='line_1_8' title="bbox 201 1071 1319 1160; baseline -0.003 -15"><span class='ocrx_word' id='word_1_59' title='bbox 201 1098 302 1145; x_wconf 90' lang='lat' dir='ltr'><strong>curae</strong></span> <span class='ocrx_word' id='word_1_60' title='bbox 322 1099 363 1145; x_wconf 93' lang='lat' dir='ltr'><strong>ac</strong></span> <span class='ocrx_word' id='word_1_61' title='bbox 384 1077 617 1146; x_wconf 83' lang='lat' dir='ltr'><strong>sollicitudinis</strong></span> <span class='ocrx_word' id='word_1_62' title='bbox 638 1076 908 1145; x_wconf 86' lang='lat' dir='ltr'><strong>communionem</strong></span> <span class='ocrx_word' id='word_1_63' title='bbox 935 1074 1113 1160; x_wconf 86' lang='lat' dir='ltr'><strong>requirant.</strong></span> <span class='ocrx_word' id='word_1_64' title='bbox 1170 1071 1319 1142; x_wconf 85' lang='lat' dir='ltr'><strong>Duobus</strong></span> 
     </span>
     <span class='ocr_line' id='line_1_9' title="bbox 199 1174 1321 1264; baseline -0.004 -19"><span class='ocrx_word' id='word_1_65' title='bbox 199 1176 287 1247; x_wconf 87' lang='lat' dir='ltr'><strong>haec</strong></span> <span class='ocrx_word' id='word_1_66' title='bbox 313 1180 477 1247; x_wconf 86' lang='lat' dir='ltr'><strong>illustrare</strong></span> <span class='ocrx_word' id='word_1_67' title='bbox 501 1181 602 1264; x_wconf 81' lang='lat' dir='ltr'><strong>volo,</strong></span> <span class='ocrx_word' id='word_1_68' title='bbox 635 1179 694 1247; x_wconf 88' lang='lat' dir='ltr'><strong>sed</strong></span> <span class='ocrx_word' id='word_1_69' title='bbox 716 1179 754 1244; x_wconf 88' lang='lat' dir='ltr'><strong>iis</strong></span> <span class='ocrx_word' id='word_1_70' title='bbox 784 1188 833 1245; x_wconf 90' lang='lat' dir='ltr'><strong>sat</strong></span> <span class='ocrx_word' id='word_1_71' title='bbox 853 1177 1027 1246; x_wconf 90' lang='lat' dir='ltr'><strong>luculentis</strong></span> <span class='ocrx_word' id='word_1_72' title='bbox 1054 1175 1225 1264; x_wconf 85' lang='lat' dir='ltr'><strong>exemplis.</strong></span> <span class='ocrx_word' id='word_1_73' title='bbox 1284 1174 1321 1247; x_wconf 93' lang='grc'><strong>0</strong></span> 
     </span>
     <span class='ocr_line' id='line_1_10' title="bbox 200 1273 1318 1374; baseline -0.004 -24"><span class='ocrx_word' id='word_1_74' title='bbox 200 1278 400 1372; x_wconf 81' lang='lat' dir='ltr'><strong>Spartace,</strong></span> <span class='ocrx_word' id='word_1_75' title='bbox 436 1305 539 1374; x_wconf 83' lang='lat' dir='ltr'><strong>quem</strong></span> <span class='ocrx_word' id='word_1_76' title='bbox 561 1283 652 1351; x_wconf 85' lang='lat' dir='ltr'><strong>euim</strong></span> <span class='ocrx_word' id='word_1_77' title='bbox 674 1290 708 1349; x_wconf 88' lang='lat' dir='ltr'><strong>te</strong></span> <span class='ocrx_word' id='word_1_78' title='bbox 723 1281 845 1373; x_wconf 76' lang='lat' dir='ltr'><strong>potius</strong></span> <span class='ocrx_word' id='word_1_79' title='bbox 866 1273 1073 1371; x_wconf 77' lang='lat' dir='ltr'><em>appellem?</em></span> <span class='ocrx_word' id='word_1_80' title='bbox 1099 1278 1197 1345; x_wconf 84' lang='lat' dir='ltr'><strong>cuius</strong></span> <span class='ocrx_word' id='word_1_81' title='bbox 1224 1300 1318 1370; x_wconf 82' lang='lat' dir='ltr'><strong>pro-</strong></span> 
     </span>
     <span class='ocr_line' id='line_1_11' title="bbox 194 1379 1318 1478; baseline -0.001 -28"><span class='ocrx_word' id='word_1_82' title='bbox 194 1391 283 1475; x_wconf 77' lang='lat' dir='ltr'><strong>pter</strong></span> <span class='ocrx_word' id='word_1_83' title='bbox 304 1384 448 1478; x_wconf 68' lang='lat' dir='ltr'><strong>nefaria</strong></span> <span class='ocrx_word' id='word_1_84' title='bbox 470 1387 608 1454; x_wconf 84' lang='lat' dir='ltr'><strong>scelera</strong></span> <span class='ocrx_word' id='word_1_85' title='bbox 630 1383 824 1453; x_wconf 80' lang='lat' dir='ltr'><strong>tolerabitis</strong></span> <span class='ocrx_word' id='word_1_86' title='bbox 834 1381 953 1474; x_wconf 77' lang='lat' dir='ltr'><strong>fuisse</strong></span> <span class='ocrx_word' id='word_1_87' title='bbox 977 1381 1119 1448; x_wconf 83' lang='lat' dir='ltr'><strong>videtur</strong></span> <span class='ocrx_word' id='word_1_88' title='bbox 1145 1379 1318 1450; x_wconf 80' lang='lat' dir='ltr'><strong>Catilina.</strong></span> 
     </span>
    </p>
   </div>
   <div class='ocr_carea' id='block_1_3' title="bbox 123 1580 1388 4358">
    <p class='ocr_par' dir='ltr' id='par_1_3' title="bbox 123 1580 1388 4358">
     <span class='ocr_line' id='line_1_12' title="bbox 200 1580 1320 1686; baseline -0.001 -26"><span class='ocrx_word' id='word_1_89' title='bbox 200 1587 261 1660; x_wconf 78' lang='grc' dir='ltr'><strong>καὶ</strong></span> <span class='ocrx_word' id='word_1_90' title='bbox 287 1590 351 1662; x_wconf 79' lang='grc' dir='ltr'><strong>νῦν</strong></span> <span class='ocrx_word' id='word_1_91' title='bbox 373 1591 428 1663; x_wconf 81' lang='grc' dir='ltr'><strong>ἔτι</strong></span> <span class='ocrx_word' id='word_1_92' title='bbox 450 1586 805 1686; x_wconf 77' lang='grc' dir='ltr'><strong><em>ἐπανορθωθῆναι</em></strong></span> <span class='ocrx_word' id='word_1_93' title='bbox 781 1615 827 1659; x_wconf 91' lang='grc' dir='ltr'><strong>αν</strong></span> <span class='ocrx_word' id='word_1_94' title='bbox 852 1581 901 1660; x_wconf 73' lang='grc' dir='ltr'><strong>τοὶ</strong></span> <span class='ocrx_word' id='word_1_95' title='bbox 927 1580 1147 1680; x_wconf 79' lang='grc' dir='ltr'><strong><em>πράγματα,</em></strong></span> <span class='ocrx_word' id='word_1_96' title='bbox 1174 1580 1320 1660; x_wconf 82' lang='grc' dir='ltr'><strong><em>τούτων</em></strong></span> 
     </span>
     <span class='ocr_line' id='line_1_13' title="bbox 199 1683 1316 1784; baseline 0 -23"><span class='ocrx_word' id='word_1_97' title='bbox 199 1693 430 1784; x_wconf 81' lang='grc' dir='ltr'><strong><em>γιγνομένων</em></strong></span> <span class='ocrx_word' id='word_1_98' title='bbox 465 1720 496 1765; x_wconf 84' lang='grc' dir='ltr'><strong>ει</strong></span> <span class='ocrx_word' id='word_1_99' title='bbox 492 1694 563 1766; x_wconf 84' lang='lat' dir='ltr'><strong>&#39;de&#39;</strong></span> <span class='ocrx_word' id='word_1_100' title='bbox 583 1718 638 1771; x_wconf 84' lang='grc' dir='ltr'><strong>τις</strong></span> <span class='ocrx_word' id='word_1_101' title='bbox 664 1693 737 1782; x_wconf 84' lang='grc' dir='ltr'><strong><em>ἔχει</em></strong></span> <span class='ocrx_word' id='word_1_102' title='bbox 760 1683 900 1762; x_wconf 77' lang='grc' dir='ltr'><strong><em>τούτων</em></strong></span> <span class='ocrx_word' id='word_1_103' title='bbox 920 1717 959 1761; x_wconf 88' lang='grc' dir='ltr'><strong>τι</strong></span> <span class='ocrx_word' id='word_1_104' title='bbox 985 1690 1153 1782; x_wconf 79' lang='grc' dir='ltr'><strong><em>βέλτιον,</em></strong></span> <span class='ocrx_word' id='word_1_105' title='bbox 1184 1691 1316 1782; x_wconf 78' lang='grc' dir='ltr'><strong><em>λεγέτω</em></strong></span> 
     </span>
     <span class='ocr_line' id='line_1_14' title="bbox 123 1785 1317 1886; baseline -0.003 -21"><span class='ocrx_word' id='word_1_106' title='bbox 123 1804 128 1813; x_wconf 91' lang='grc'><em>’</em></span> <span class='ocrx_word' id='word_1_107' title='bbox 199 1792 561 1886; x_wconf 49' lang='grc' dir='ltr'><strong><em>ααὶουμβουλουιᾝτω</em></strong></span> <span class='ocrx_word' id='word_1_108' title='bbox 593 1790 732 1867; x_wconf 72' lang='lat' dir='ltr'><strong>tut</strong></span> <span class='ocrx_word' id='word_1_109' title='bbox 754 1791 841 1885; x_wconf 80' lang='grc' dir='ltr'><strong><em>υμῖν</em></strong></span> <span class='ocrx_word' id='word_1_110' title='bbox 865 1786 999 1878; x_wconf 78' lang='grc' dir='ltr'><strong><em>δόξειε,</em></strong></span> <span class='ocrx_word' id='word_1_111' title='bbox 1026 1786 1147 1878; x_wconf 82' lang='grc' dir='ltr'><strong><em>τοῦτ’,</em></strong></span> <span class='ocrx_word' id='word_1_112' title='bbox 1174 1785 1317 1862; x_wconf 73' lang='grc' dir='ltr'><strong><em>αλιαᾶν-</em></strong></span> 
     </span>
     <span class='ocr_line' id='line_1_15' title="bbox 199 1895 1318 1988; baseline -0.004 -22"><span class='ocrx_word' id='word_1_113' title='bbox 199 1920 259 1973; x_wconf 80' lang='grc' dir='ltr'><strong>τες</strong></span> <span class='ocrx_word' id='word_1_114' title='bbox 283 1895 388 1982; x_wconf 85' lang='grc' dir='ltr'><strong><em>θεοί,</em></strong></span> <span class='ocrx_word' id='word_1_115' title='bbox 416 1898 628 1988; x_wconf 77' lang='grc' dir='ltr'><strong><em>συνενέγκοι.</em></strong></span> <span class='ocrx_word' id='word_1_116' title='bbox 680 1897 778 1964; x_wconf 84' lang='grc' dir='ltr'><strong><em>Ηοοο</em></strong></span> <span class='ocrx_word' id='word_1_117' title='bbox 799 1897 951 1983; x_wconf 88' lang='lat' dir='ltr'><strong>quamvis</strong></span> <span class='ocrx_word' id='word_1_118' title='bbox 971 1915 1191 1984; x_wconf 83' lang='lat' dir='ltr'><strong>magnacum</strong></span> <span class='ocrx_word' id='word_1_119' title='bbox 1211 1895 1247 1960; x_wconf 90' lang='lat' dir='ltr'><strong>vi</strong></span> <span class='ocrx_word' id='word_1_120' title='bbox 1266 1903 1318 1961; x_wconf 87' lang='lat' dir='ltr'><strong>at-</strong></span> 
     </span>
     <span class='ocr_line' id='line_1_16' title="bbox 200 1994 1318 2084; baseline 0.002 -22"><span class='ocrx_word' id='word_1_121' title='bbox 200 2018 267 2084; x_wconf 91' lang='lat' dir='ltr'><strong>que</strong></span> <span class='ocrx_word' id='word_1_122' title='bbox 292 1997 394 2065; x_wconf 91' lang='lat' dir='ltr'><strong>animi</strong></span> <span class='ocrx_word' id='word_1_123' title='bbox 423 1999 651 2067; x_wconf 88' lang='lat' dir='ltr'><strong>commotione</strong></span> <span class='ocrx_word' id='word_1_124' title='bbox 683 1998 880 2082; x_wconf 87' lang='lat' dir='ltr'><strong>dictasint,</strong></span> <span class='ocrx_word' id='word_1_125' title='bbox 922 1997 1007 2063; x_wconf 91' lang='lat' dir='ltr'><strong>nihil</strong></span> <span class='ocrx_word' id='word_1_126' title='bbox 1036 2008 1148 2066; x_wconf 89' lang='lat' dir='ltr'><strong>tamen</strong></span> <span class='ocrx_word' id='word_1_127' title='bbox 1179 1994 1318 2083; x_wconf 86' lang='lat' dir='ltr'><strong>habent,</strong></span> 
     </span>
     <span class='ocr_line' id='line_1_17' title="bbox 199 2097 1318 2191; baseline 0.001 -26"><span class='ocrx_word' id='word_1_128' title='bbox 199 2099 295 2188; x_wconf 94' lang='lat' dir='ltr'><strong>quod</strong></span> <span class='ocrx_word' id='word_1_129' title='bbox 306 2109 431 2191; x_wconf 87' lang='lat' dir='ltr'><strong>poetae</strong></span> <span class='ocrx_word' id='word_1_130' title='bbox 448 2102 577 2191; x_wconf 87' lang='lat' dir='ltr'><strong>potius,</strong></span> <span class='ocrx_word' id='word_1_131' title='bbox 604 2124 707 2188; x_wconf 89' lang='lat' dir='ltr'><strong>quam</strong></span> <span class='ocrx_word' id='word_1_132' title='bbox 727 2101 867 2167; x_wconf 88' lang='lat' dir='ltr'><strong>oratoris</strong></span> <span class='ocrx_word' id='word_1_133' title='bbox 885 2099 991 2167; x_wconf 85' lang='lat' dir='ltr'><strong>rideri</strong></span> <span class='ocrx_word' id='word_1_134' title='bbox 1008 2098 1140 2167; x_wconf 84' lang='lat' dir='ltr'><strong>debeat.</strong></span> <span class='ocrx_word' id='word_1_135' title='bbox 1193 2097 1318 2169; x_wconf 85' lang='lat' dir='ltr'><strong>Omnia</strong></span> 
     </span>
     <span class='ocr_line' id='line_1_18' title="bbox 169 2203 1317 2292; baseline 0 -21"><span class='ocrx_word' id='word_1_136' title='bbox 169 2205 309 2288; x_wconf 79' lang='lat' dir='ltr'><strong>Scuim,</strong></span> <span class='ocrx_word' id='word_1_137' title='bbox 342 2205 488 2291; x_wconf 90' lang='lat' dir='ltr'><strong>quaein</strong></span> <span class='ocrx_word' id='word_1_138' title='bbox 507 2203 560 2270; x_wconf 91' lang='lat' dir='ltr'><strong>his</strong></span> <span class='ocrx_word' id='word_1_139' title='bbox 582 2205 693 2272; x_wconf 89' lang='lat' dir='ltr'><strong>verbis</strong></span> <span class='ocrx_word' id='word_1_140' title='bbox 717 2204 863 2270; x_wconf 86' lang='lat' dir='ltr'><strong>animum</strong></span> <span class='ocrx_word' id='word_1_141' title='bbox 892 2203 1024 2292; x_wconf 88' lang='lat' dir='ltr'><strong>pellunt</strong></span> <span class='ocrx_word' id='word_1_142' title='bbox 1046 2225 1087 2270; x_wconf 89' lang='lat' dir='ltr'><strong>ac</strong></span> <span class='ocrx_word' id='word_1_143' title='bbox 1108 2203 1317 2292; x_wconf 87' lang='lat' dir='ltr'><strong>perturbant,</strong></span> 
     </span>
     <span class='ocr_line' id='line_1_19' title="bbox 200 2306 1317 2398; baseline 0 -24"><span class='ocrx_word' id='word_1_144' title='bbox 200 2326 242 2377; x_wconf 78' lang='lat' dir='ltr'><strong>ex</strong></span> <span class='ocrx_word' id='word_1_145' title='bbox 260 2306 335 2395; x_wconf 88' lang='lat' dir='ltr'><strong>ipsa</strong></span> <span class='ocrx_word' id='word_1_146' title='bbox 354 2307 403 2374; x_wconf 91' lang='lat' dir='ltr'><strong>rei</strong></span> <span class='ocrx_word' id='word_1_147' title='bbox 424 2307 617 2398; x_wconf 84' lang='lat' dir='ltr'><strong>cognitione</strong></span> <span class='ocrx_word' id='word_1_148' title='bbox 638 2317 837 2391; x_wconf 84' lang='lat' dir='ltr'><strong>nascuntur,</strong></span> <span class='ocrx_word' id='word_1_149' title='bbox 863 2330 949 2394; x_wconf 70' lang='lat' dir='ltr'><strong>(quae</strong></span> <span class='ocrx_word' id='word_1_150' title='bbox 967 2307 1045 2395; x_wconf 92' lang='lat' dir='ltr'><strong>quia</strong></span> <span class='ocrx_word' id='word_1_151' title='bbox 1060 2329 1219 2397; x_wconf 82' lang='lat' dir='ltr'><strong>magnam</strong></span> <span class='ocrx_word' id='word_1_152' title='bbox 1235 2330 1317 2396; x_wconf 89' lang='lat' dir='ltr'><strong>par-</strong></span> 
     </span>
     <span class='ocr_line' id='line_1_20' title="bbox 199 2409 1316 2500; baseline 0.002 -24"><span class='ocrx_word' id='word_1_153' title='bbox 199 2417 268 2478; x_wconf 89' lang='lat' dir='ltr'><strong>tem</strong></span> <span class='ocrx_word' id='word_1_154' title='bbox 281 2409 430 2500; x_wconf 83' lang='lat' dir='ltr'><strong>cognitio</strong></span> <span class='ocrx_word' id='word_1_155' title='bbox 444 2421 493 2479; x_wconf 90' lang='lat' dir='ltr'><strong>est</strong></span> <span class='ocrx_word' id='word_1_156' title='bbox 507 2410 594 2496; x_wconf 87' lang='lat' dir='ltr'><strong>eins,</strong></span> <span class='ocrx_word' id='word_1_157' title='bbox 625 2411 719 2499; x_wconf 90' lang='lat' dir='ltr'><strong>quod</strong></span> <span class='ocrx_word' id='word_1_158' title='bbox 739 2410 942 2499; x_wconf 83' lang='lat' dir='ltr'><strong>sperandum</strong></span> <span class='ocrx_word' id='word_1_159' title='bbox 966 2409 1251 2497; x_wconf 84' lang='lat' dir='ltr'><strong>metuendumque</strong></span> <span class='ocrx_word' id='word_1_160' title='bbox 1265 2412 1316 2495; x_wconf 86' lang='lat' dir='ltr'><strong>sit,</strong></span> 
     </span>
     <span class='ocr_line' id='line_1_21' title="bbox 200 2513 1316 2605; baseline 0.001 -25"><span class='ocrx_word' id='word_1_161' title='bbox 200 2534 242 2580; x_wconf 89' lang='lat' dir='ltr'><strong>eo</strong></span> <span class='ocrx_word' id='word_1_162' title='bbox 268 2523 421 2603; x_wconf 87' lang='lat' dir='ltr'><strong>paratur,</strong></span> <span class='ocrx_word' id='word_1_163' title='bbox 453 2515 547 2602; x_wconf 90' lang='lat' dir='ltr'><strong>quod</strong></span> <span class='ocrx_word' id='word_1_164' title='bbox 570 2537 666 2605; x_wconf 89' lang='lat' dir='ltr'><strong>spem</strong></span> <span class='ocrx_word' id='word_1_165' title='bbox 701 2514 797 2580; x_wconf 88' lang='lat' dir='ltr'><strong>illam</strong></span> <span class='ocrx_word' id='word_1_166' title='bbox 816 2523 1010 2600; x_wconf 87' lang='lat' dir='ltr'><strong>metumque</strong></span> <span class='ocrx_word' id='word_1_167' title='bbox 1033 2514 1067 2579; x_wconf 92' lang='lat' dir='ltr'><strong>in</strong></span> <span class='ocrx_word' id='word_1_168' title='bbox 1091 2513 1165 2602; x_wconf 91' lang='lat' dir='ltr'><strong>ipso</strong></span> <span class='ocrx_word' id='word_1_169' title='bbox 1183 2522 1316 2582; x_wconf 87' lang='lat' dir='ltr'><strong>oratore</strong></span> 
     </span>
     <span class='ocr_line' id='line_1_22' title="bbox 199 2616 1317 2706; baseline 0.002 -24"><span class='ocrx_word' id='word_1_170' title='bbox 199 2636 391 2703; x_wconf 84' lang='lat' dir='ltr'><strong>expressum</strong></span> <span class='ocrx_word' id='word_1_171' title='bbox 413 2626 447 2684; x_wconf 89' lang='lat' dir='ltr'><strong>et</strong></span> <span class='ocrx_word' id='word_1_172' title='bbox 466 2617 558 2703; x_wconf 90' lang='lat' dir='ltr'><strong>quasi</strong></span> <span class='ocrx_word' id='word_1_173' title='bbox 578 2627 789 2706; x_wconf 84' lang='lat' dir='ltr'><strong>praesentem</strong></span> <span class='ocrx_word' id='word_1_174' title='bbox 812 2625 888 2683; x_wconf 89' lang='lat' dir='ltr'><strong>ante</strong></span> <span class='ocrx_word' id='word_1_175' title='bbox 913 2616 1030 2682; x_wconf 92' lang='lat' dir='ltr'><strong>oculos</strong></span> <span class='ocrx_word' id='word_1_176' title='bbox 1047 2616 1253 2683; x_wconf 90' lang='lat' dir='ltr'><strong>collocatum</strong></span> <span class='ocrx_word' id='word_1_177' title='bbox 1265 2616 1317 2684; x_wconf 85' lang='lat' dir='ltr'><strong>vi-</strong></span> 
     </span>
     <span class='ocr_line' id='line_1_23' title="bbox 199 2716 1316 2806; baseline 0.003 -23"><span class='ocrx_word' id='word_1_178' title='bbox 199 2716 329 2786; x_wconf 84' lang='lat' dir='ltr'><strong>demus.</strong></span> <span class='ocrx_word' id='word_1_179' title='bbox 389 2717 572 2787; x_wconf 88' lang='lat' dir='ltr'><strong>Confideus</strong></span> <span class='ocrx_word' id='word_1_180' title='bbox 595 2741 712 2786; x_wconf 90' lang='lat' dir='ltr'><strong>eorum</strong></span> <span class='ocrx_word' id='word_1_181' title='bbox 740 2718 896 2803; x_wconf 84' lang='lat' dir='ltr'><strong>veritate,</strong></span> <span class='ocrx_word' id='word_1_182' title='bbox 930 2741 1017 2806; x_wconf 90' lang='lat' dir='ltr'><strong>quae</strong></span> <span class='ocrx_word' id='word_1_183' title='bbox 1046 2728 1144 2786; x_wconf 90' lang='lat' dir='ltr'><strong>antea</strong></span> <span class='ocrx_word' id='word_1_184' title='bbox 1176 2719 1316 2804; x_wconf 85' lang='lat' dir='ltr'><strong>dixerat,</strong></span> 
     </span>
     <span class='ocr_line' id='line_1_24' title="bbox 198 2815 1318 2916; baseline 0.001 -27"><span class='ocrx_word' id='word_1_185' title='bbox 198 2818 319 2890; x_wconf 75' lang='grc' dir='ltr'><strong><em>ταῦτα</em></strong></span> <span class='ocrx_word' id='word_1_186' title='bbox 334 2820 444 2912; x_wconf 81' lang='grc' dir='ltr'><strong><em>λέγω,</em></strong></span> <span class='ocrx_word' id='word_1_187' title='bbox 470 2821 589 2892; x_wconf 79' lang='grc' dir='ltr'><strong><em>ταῦτα</em></strong></span> <span class='ocrx_word' id='word_1_188' title='bbox 606 2815 757 2916; x_wconf 78' lang='grc' dir='ltr'><strong><em>γράφω,</em></strong></span> <span class='ocrx_word' id='word_1_189' title='bbox 781 2821 896 2910; x_wconf 88' lang='lat' dir='ltr'><strong>inquit.</strong></span> <span class='ocrx_word' id='word_1_190' title='bbox 948 2823 1187 2890; x_wconf 84' lang='lat' dir='ltr'><strong>Necessitatem</strong></span> <span class='ocrx_word' id='word_1_191' title='bbox 1216 2824 1318 2890; x_wconf 89' lang='lat' dir='ltr'><strong>obse-</strong></span> 
     </span>
     <span class='ocr_line' id='line_1_25' title="bbox 199 2921 1316 3017; baseline 0.004 -30"><span class='ocrx_word' id='word_1_192' title='bbox 199 2921 343 3009; x_wconf 87' lang='lat' dir='ltr'><strong>quendi,</strong></span> <span class='ocrx_word' id='word_1_193' title='bbox 370 2923 661 3012; x_wconf 81' lang='lat' dir='ltr'><strong>celeritatemque,</strong></span> <span class='ocrx_word' id='word_1_194' title='bbox 686 2947 753 3011; x_wconf 83' lang='lat' dir='ltr'><strong>qua</strong></span> <span class='ocrx_word' id='word_1_195' title='bbox 769 2924 815 2990; x_wconf 86' lang='lat' dir='ltr'><strong>ad</strong></span> <span class='ocrx_word' id='word_1_196' title='bbox 831 2947 905 2991; x_wconf 89' lang='lat' dir='ltr'><strong>eam</strong></span> <span class='ocrx_word' id='word_1_197' title='bbox 917 2947 989 2992; x_wconf 88' lang='lat' dir='ltr'><strong>rem</strong></span> <span class='ocrx_word' id='word_1_198' title='bbox 1005 2947 1090 3016; x_wconf 91' lang='lat' dir='ltr'><strong>opus</strong></span> <span class='ocrx_word' id='word_1_199' title='bbox 1102 2927 1154 3009; x_wconf 90' lang='lat' dir='ltr'><strong>sit,</strong></span> <span class='ocrx_word' id='word_1_200' title='bbox 1180 2927 1316 3017; x_wconf 80' lang='lat' dir='ltr'><strong>magni-</strong></span> 
     </span>
     <span class='ocr_line' id='line_1_26' title="bbox 198 3022 1317 3145; baseline 0.005 -55"><span class='ocrx_word' id='word_1_201' title='bbox 198 3022 348 3092; x_wconf 85' lang='lat' dir='ltr'><strong>tudinem</strong></span> <span class='ocrx_word' id='word_1_202' title='bbox 368 3026 547 3116; x_wconf 62' lang='lat' dir='ltr'><strong>periculi‚‘</strong></span> <span class='ocrx_word' id='word_1_203' title='bbox 564 3026 823 3095; x_wconf 90' lang='lat' dir='ltr'><strong>sollicitudinem</strong></span> <span class='ocrx_word' id='word_1_204' title='bbox 842 3027 1003 3145; x_wconf 88' lang='lat' dir='ltr'><strong>denique,</strong></span> <span class='ocrx_word' id='word_1_205' title='bbox 1036 3051 1080 3095; x_wconf 92' lang='lat' dir='ltr'><strong>ue</strong></span> <span class='ocrx_word' id='word_1_206' title='bbox 1098 3024 1235 3096; x_wconf 58' lang='lat' dir='ltr'><strong>coneilio</strong></span> <span class='ocrx_word' id='word_1_207' title='bbox 1257 3052 1317 3097; x_wconf 85' lang='lat' dir='ltr'><strong>sua</strong></span> 
     </span>
     <span class='ocr_line' id='line_1_27' title="bbox 167 3128 1318 3254; baseline 0.008 -63"><span class='ocrx_word' id='word_1_208' title='bbox 167 3179 173 3191; x_wconf 89' lang='lat'><strong><em>.</em></strong></span> <span class='ocrx_word' id='word_1_209' title='bbox 200 3128 390 3197; x_wconf 88' lang='lat' dir='ltr'><strong>cunctando</strong></span> <span class='ocrx_word' id='word_1_210' title='bbox 414 3128 506 3196; x_wconf 90' lang='lat' dir='ltr'><strong>irrita</strong></span> <span class='ocrx_word' id='word_1_211' title='bbox 528 3129 729 3211; x_wconf 84' lang='lat' dir='ltr'><strong>reddantur,</strong></span> <span class='ocrx_word' id='word_1_212' title='bbox 756 3130 940 3198; x_wconf 89' lang='lat' dir='ltr'><strong>ostendit</strong></span> <span class='ocrx_word' id='word_1_213' title='bbox 921 3154 978 3215; x_wconf 86' lang='lat' dir='ltr'><strong>us,</strong></span> <span class='ocrx_word' id='word_1_214' title='bbox 1013 3154 1099 3220; x_wconf 89' lang='lat' dir='ltr'><strong>quae</strong></span> <span class='ocrx_word' id='word_1_215' title='bbox 1121 3141 1318 3254; x_wconf 84' lang='lat' dir='ltr'><strong>sequuntur:</strong></span> 
     </span>
     <span class='ocr_line' id='line_1_28' title="bbox 199 3229 1388 3329; baseline 0.004 -28"><span class='ocrx_word' id='word_1_216' title='bbox 199 3230 261 3301; x_wconf 85' lang='grc' dir='ltr'><strong><em>ιιαὶ</em></strong></span> <span class='ocrx_word' id='word_1_217' title='bbox 278 3232 405 3322; x_wconf 86' lang='grc' dir='ltr'><strong><em>οἴομαι</em></strong></span> <span class='ocrx_word' id='word_1_218' title='bbox 420 3231 480 3304; x_wconf 79' lang='grc' dir='ltr'><strong>καὶ</strong></span> <span class='ocrx_word' id='word_1_219' title='bbox 498 3234 562 3305; x_wconf 80' lang='grc' dir='ltr'><strong>νῦν</strong></span> <span class='ocrx_word' id='word_1_220' title='bbox 580 3235 636 3306; x_wconf 85' lang='grc' dir='ltr'><strong>ἔτι</strong></span> <span class='ocrx_word' id='word_1_221' title='bbox 652 3233 1001 3329; x_wconf 70' lang='grc' dir='ltr'><strong><em>ἐπανορθωθῆναι</em></strong></span> <span class='ocrx_word' id='word_1_222' title='bbox 977 3261 1084 3305; x_wconf 91' lang='grc' dir='ltr'><strong><em>αντα</em></strong></span> <span class='ocrx_word' id='word_1_223' title='bbox 1100 3229 1314 3328; x_wconf 74' lang='grc' dir='ltr'><strong><em>πραγματα,</em></strong></span> <span class='ocrx_word' id='word_1_224' title='bbox 1387 3260 1388 3264; x_wconf 69' lang='grc'>’</span> 
     </span>
     <span class='ocr_line' id='line_1_29' title="bbox 199 3326 1318 3428; baseline 0.004 -25"><span class='ocrx_word' id='word_1_225' title='bbox 199 3326 341 3405; x_wconf 79' lang='grc' dir='ltr'><strong><em>τούτων</em></strong></span> <span class='ocrx_word' id='word_1_226' title='bbox 362 3336 603 3428; x_wconf 81' lang='grc' dir='ltr'><strong><em>γιγνομένων,</em></strong></span> <span class='ocrx_word' id='word_1_227' title='bbox 627 3343 661 3404; x_wconf 87' lang='lat' dir='ltr'><strong>et</strong></span> <span class='ocrx_word' id='word_1_228' title='bbox 682 3339 790 3428; x_wconf 83' lang='lat' dir='ltr'><strong>magis</strong></span> <span class='ocrx_word' id='word_1_229' title='bbox 810 3336 909 3404; x_wconf 89' lang='lat' dir='ltr'><strong>etiam</strong></span> <span class='ocrx_word' id='word_1_230' title='bbox 924 3337 1046 3403; x_wconf 85' lang='lat' dir='ltr'><strong>additis</strong></span> <span class='ocrx_word' id='word_1_231' title='bbox 1067 3335 1135 3402; x_wconf 88' lang='lat' dir='ltr'><strong>his:</strong></span> <span class='ocrx_word' id='word_1_232' title='bbox 1162 3364 1193 3407; x_wconf 77' lang='grc' dir='ltr'><strong>ιι</strong></span> <span class='ocrx_word' id='word_1_233' title='bbox 1189 3339 1251 3409; x_wconf 84' lang='lat' dir='ltr'><strong>&#39;de&#39;</strong></span> <span class='ocrx_word' id='word_1_234' title='bbox 1262 3365 1318 3418; x_wconf 82' lang='grc' dir='ltr'><strong>τις</strong></span> 
     </span>
     <span class='ocr_line' id='line_1_30' title="bbox 200 3429 1316 3532; baseline 0.001 -26"><span class='ocrx_word' id='word_1_235' title='bbox 200 3433 276 3522; x_wconf 80' lang='grc' dir='ltr'><strong><em>ἔχει</em></strong></span> <span class='ocrx_word' id='word_1_236' title='bbox 289 3429 430 3507; x_wconf 84' lang='grc' dir='ltr'><strong><em>τούτων</em></strong></span> <span class='ocrx_word' id='word_1_237' title='bbox 443 3465 482 3509; x_wconf 86' lang='grc' dir='ltr'><strong>τι</strong></span> <span class='ocrx_word' id='word_1_238' title='bbox 496 3440 655 3531; x_wconf 82' lang='grc' dir='ltr'><strong><em>βέλτιον,</em></strong></span> <span class='ocrx_word' id='word_1_239' title='bbox 681 3442 810 3532; x_wconf 77' lang='grc' dir='ltr'><strong><em>λεγέτω</em></strong></span> <span class='ocrx_word' id='word_1_240' title='bbox 827 3466 888 3510; x_wconf 80' lang='grc' dir='ltr'><strong>και</strong></span> <span class='ocrx_word' id='word_1_241' title='bbox 879 3438 1190 3530; x_wconf 76' lang='grc' dir='ltr'><strong><em>συμβουλευέτω.</em></strong></span> <span class='ocrx_word' id='word_1_242' title='bbox 1243 3441 1316 3508; x_wconf 90' lang='lat' dir='ltr'><strong>Po-</strong></span> 
     </span>
     <span class='ocr_line' id='line_1_31' title="bbox 199 3541 1316 3634; baseline 0.006 -31"><span class='ocrx_word' id='word_1_243' title='bbox 199 3544 323 3604; x_wconf 87' lang='lat' dir='ltr'><strong>stremo</strong></span> <span class='ocrx_word' id='word_1_244' title='bbox 344 3546 513 3624; x_wconf 88' lang='lat' dir='ltr'><strong>metuens,</strong></span> <span class='ocrx_word' id='word_1_245' title='bbox 545 3564 589 3609; x_wconf 88' lang='lat' dir='ltr'><strong>ne</strong></span> <span class='ocrx_word' id='word_1_246' title='bbox 605 3542 671 3608; x_wconf 88' lang='lat' dir='ltr'><strong>alia</strong></span> <span class='ocrx_word' id='word_1_247' title='bbox 689 3543 826 3634; x_wconf 88' lang='lat' dir='ltr'><strong>placeat</strong></span> <span class='ocrx_word' id='word_1_248' title='bbox 843 3542 1018 3626; x_wconf 87' lang='lat' dir='ltr'><strong>sententia,</strong></span> <span class='ocrx_word' id='word_1_249' title='bbox 1044 3564 1113 3609; x_wconf 91' lang='lat' dir='ltr'><strong>uon</strong></span> <span class='ocrx_word' id='word_1_250' title='bbox 1132 3541 1242 3609; x_wconf 88' lang='lat' dir='ltr'><strong>solum</strong></span> <span class='ocrx_word' id='word_1_251' title='bbox 1262 3542 1316 3610; x_wconf 84' lang='lat' dir='ltr'><strong>his</strong></span> 
     </span>
     <span class='ocr_line' id='line_1_32' title="bbox 199 3637 1317 3735; baseline 0.008 -29"><span class='ocrx_word' id='word_1_252' title='bbox 199 3640 326 3726; x_wconf 83' lang='lat' dir='ltr'><strong>verbis,</strong></span> <span class='ocrx_word' id='word_1_253' title='bbox 354 3637 415 3713; x_wconf 87' lang='grc' dir='ltr'><strong>ὅτι</strong></span> <span class='ocrx_word' id='word_1_254' title='bbox 431 3638 468 3713; x_wconf 82' lang='grc' dir='ltr'><strong>δ’</strong></span> <span class='ocrx_word' id='word_1_255' title='bbox 484 3639 569 3735; x_wconf 76' lang='grc' dir='ltr'><strong><em>ὑμῖν</em></strong></span> <span class='ocrx_word' id='word_1_256' title='bbox 588 3638 723 3731; x_wconf 79' lang='grc' dir='ltr'><strong><em>δόξειε,</em></strong></span> <span class='ocrx_word' id='word_1_257' title='bbox 749 3643 862 3716; x_wconf 81' lang='grc' dir='ltr'><strong><em>τοῦτο</em></strong></span> <span class='ocrx_word' id='word_1_258' title='bbox 881 3646 1105 3735; x_wconf 75' lang='grc' dir='ltr'><strong><em>συνενέγκοι,</em></strong></span> <span class='ocrx_word' id='word_1_259' title='bbox 1131 3644 1317 3715; x_wconf 89' lang='lat' dir='ltr'><strong>vehemen-</strong></span> 
     </span>
     <span class='ocr_line' id='line_1_33' title="bbox 198 3743 1317 3832; baseline 0.008 -22"><span class='ocrx_word' id='word_1_260' title='bbox 198 3750 251 3810; x_wconf 87' lang='lat' dir='ltr'><strong>ter</strong></span> <span class='ocrx_word' id='word_1_261' title='bbox 275 3767 311 3812; x_wconf 92' lang='lat' dir='ltr'><strong>se</strong></span> <span class='ocrx_word' id='word_1_262' title='bbox 333 3743 487 3816; x_wconf 84' lang='lat' dir='ltr'><strong>dubitare</strong></span> <span class='ocrx_word' id='word_1_263' title='bbox 511 3745 555 3814; x_wconf 89' lang='lat' dir='ltr'><strong>de</strong></span> <span class='ocrx_word' id='word_1_264' title='bbox 578 3747 672 3815; x_wconf 86' lang='lat' dir='ltr'><strong>felici</strong></span> <span class='ocrx_word' id='word_1_265' title='bbox 698 3747 780 3814; x_wconf 88' lang='lat' dir='ltr'><strong>alins</strong></span> <span class='ocrx_word' id='word_1_266' title='bbox 813 3747 941 3815; x_wconf 89' lang='lat' dir='ltr'><strong>consilii</strong></span> <span class='ocrx_word' id='word_1_267' title='bbox 973 3770 1143 3832; x_wconf 89' lang='lat' dir='ltr'><strong>successu,</strong></span> <span class='ocrx_word' id='word_1_268' title='bbox 1177 3749 1239 3816; x_wconf 92' lang='lat' dir='ltr'><strong>sed</strong></span> <span class='ocrx_word' id='word_1_269' title='bbox 1263 3749 1317 3819; x_wconf 88' lang='lat' dir='ltr'><strong>his</strong></span> 
     </span>
     <span class='ocr_line' id='line_1_34' title="bbox 197 3842 1318 3940; baseline 0.009 -29"><span class='ocrx_word' id='word_1_270' title='bbox 197 3844 417 3937; x_wconf 86' lang='lat' dir='ltr'><strong>interpositis,</strong></span> <span class='ocrx_word' id='word_1_271' title='bbox 453 3843 482 3920; x_wconf 76' lang='lat' dir='ltr'><strong>oi</strong></span> <span class='ocrx_word' id='word_1_272' title='bbox 515 3842 647 3929; x_wconf 73' lang='grc' dir='ltr'><strong><em>πάντες</em></strong></span> <span class='ocrx_word' id='word_1_273' title='bbox 678 3849 778 3934; x_wconf 80' lang='grc' dir='ltr'><strong><em>θεοί,</em></strong></span> <span class='ocrx_word' id='word_1_274' title='bbox 819 3873 856 3918; x_wconf 88' lang='lat' dir='ltr'><strong>re</strong></span> <span class='ocrx_word' id='word_1_275' title='bbox 883 3850 985 3939; x_wconf 90' lang='lat' dir='ltr'><strong>plane</strong></span> <span class='ocrx_word' id='word_1_276' title='bbox 1013 3850 1190 3940; x_wconf 87' lang='lat' dir='ltr'><strong>desperata</strong></span> <span class='ocrx_word' id='word_1_277' title='bbox 1220 3874 1318 3921; x_wconf 86' lang='lat' dir='ltr'><strong>men·</strong></span> 
     </span>
     <span class='ocr_line' id='line_1_35' title="bbox 199 3951 1317 4043; baseline 0.01 -29"><span class='ocrx_word' id='word_1_278' title='bbox 199 3955 325 4018; x_wconf 89' lang='lat' dir='ltr'><strong>temet</strong></span> <span class='ocrx_word' id='word_1_279' title='bbox 348 3951 588 4043; x_wconf 82' lang='lat' dir='ltr'><strong>cogitationem</strong></span> <span class='ocrx_word' id='word_1_280' title='bbox 609 3953 654 4020; x_wconf 91' lang='lat' dir='ltr'><strong>ab</strong></span> <span class='ocrx_word' id='word_1_281' title='bbox 677 3953 924 4022; x_wconf 88' lang='lat' dir='ltr'><strong>imminentibus</strong></span> <span class='ocrx_word' id='word_1_282' title='bbox 948 3954 1046 4022; x_wconf 85' lang='lat' dir='ltr'><strong>malis</strong></span> <span class='ocrx_word' id='word_1_283' title='bbox 1074 3964 1223 4024; x_wconf 85' lang='lat' dir='ltr'><strong>avertere</strong></span> <span class='ocrx_word' id='word_1_284' title='bbox 1253 3955 1317 4025; x_wconf 88' lang='lat' dir='ltr'><strong>de·</strong></span> 
     </span>
     <span class='ocr_line' id='line_1_36' title="bbox 198 4061 369 4121; baseline 0.006 -2"><span class='ocrx_word' id='word_1_285' title='bbox 198 4061 369 4121; x_wconf 81' lang='lat' dir='ltr'><strong>monstrat.</strong></span> 
     </span>
     <span class='ocr_line' id='line_1_37' title="bbox 302 4156 1317 4252; baseline 0.006 -28"><span class='ocrx_word' id='word_1_286' title='bbox 302 4156 373 4225; x_wconf 88' lang='lat' dir='ltr'><strong>Sed</strong></span> <span class='ocrx_word' id='word_1_287' title='bbox 393 4179 498 4248; x_wconf 88' lang='lat' dir='ltr'><strong>porro</strong></span> <span class='ocrx_word' id='word_1_288' title='bbox 512 4157 741 4246; x_wconf 89' lang='lat' dir='ltr'><strong>quaerendum</strong></span> <span class='ocrx_word' id='word_1_289' title='bbox 757 4166 823 4242; x_wconf 88' lang='lat' dir='ltr'><strong>est,</strong></span> <span class='ocrx_word' id='word_1_290' title='bbox 852 4160 879 4227; x_wconf 94' lang='lat' dir='ltr'><strong>si</strong></span> <span class='ocrx_word' id='word_1_291' title='bbox 897 4160 930 4230; x_wconf 90' lang='lat' dir='ltr'><strong>in</strong></span> <span class='ocrx_word' id='word_1_292' title='bbox 943 4183 1045 4252; x_wconf 83' lang='lat' dir='ltr'><strong>prosa</strong></span> <span class='ocrx_word' id='word_1_293' title='bbox 1062 4161 1211 4230; x_wconf 88' lang='lat' dir='ltr'><strong>oratione</strong></span> <span class='ocrx_word' id='word_1_294' title='bbox 1226 4162 1317 4230; x_wconf 90' lang='lat' dir='ltr'><strong>noti-</strong></span> 
     </span>
     <span class='ocr_line' id='line_1_38' title="bbox 199 4255 1317 4358; baseline 0.01 -34"><span class='ocrx_word' id='word_1_295' title='bbox 199 4255 264 4326; x_wconf 86' lang='lat' dir='ltr'><strong>tiae</strong></span> <span class='ocrx_word' id='word_1_296' title='bbox 284 4257 400 4330; x_wconf 89' lang='lat' dir='ltr'><strong>adres</strong></span> <span class='ocrx_word' id='word_1_297' title='bbox 423 4271 515 4330; x_wconf 83' lang='lat' dir='ltr'><strong>extra</strong></span> <span class='ocrx_word' id='word_1_298' title='bbox 537 4282 601 4352; x_wconf 87' lang='lat' dir='ltr'><strong>nos</strong></span> <span class='ocrx_word' id='word_1_299' title='bbox 621 4260 764 4355; x_wconf 87' lang='lat' dir='ltr'><strong>positas,</strong></span> <span class='ocrx_word' id='word_1_300' title='bbox 789 4262 825 4330; x_wconf 91' lang='lat' dir='ltr'><strong>in</strong></span> <span class='ocrx_word' id='word_1_301' title='bbox 838 4265 935 4356; x_wconf 86' lang='lat' dir='ltr'><strong>poesi</strong></span> <span class='ocrx_word' id='word_1_302' title='bbox 953 4265 998 4334; x_wconf 93' lang='lat' dir='ltr'><strong>ad</strong></span> <span class='ocrx_word' id='word_1_303' title='bbox 1011 4276 1142 4334; x_wconf 90' lang='lat' dir='ltr'><strong>nosmet</strong></span> <span class='ocrx_word' id='word_1_304' title='bbox 1155 4266 1246 4358; x_wconf 91' lang='lat' dir='ltr'><strong>ipsos</strong></span> <span class='ocrx_word' id='word_1_305' title='bbox 1259 4290 1317 4335; x_wconf 87' lang='lat' dir='ltr'><strong>re-</strong></span> 
     </span>
    </p>
   </div>
   <div class='ocr_carea' id='block_1_4' title="bbox 0 0 1418 4904">
    <p class='ocr_par' dir='ltr' id='par_1_4' title="bbox 0 0 1418 4904">
     <span class='ocr_line' id='line_1_39' title="bbox 0 0 1418 4904; baseline 0 0"><span class='ocrx_word' id='word_1_306' title='bbox 0 0 1418 4904; x_wconf 95' lang='lat' dir='ltr'><strong> </strong></span> 
     </span>
    </p>
   </div>
  </div>
 </body>
</html>
