2826 4904
600 315 794 380 CARMEN

263 491 398 560 Dilecta
419 486 563 557 Phoebo
586 488 723 581 Lipsia,
755 486 937 591 plurimam

262 593 388 663 Mirata
412 592 540 683 pubem
566 599 600 660 et
624 591 811 684 laurigeros
836 591 959 679 duces,

338 695 464 765 Mirata
489 702 522 763 et
546 691 711 764 Ottonem
734 696 862 763 recenti

417 797 571 892 agminis
594 798 739 891 imperio
755 798 910 891 potitum

263 1073 377 1158 Quem
401 1094 527 1165 magua
551 1071 663 1164 longis
689 1071 861 1141 ordinibus
885 1070 1010 1142 cohors

263 1176 433 1267 sequuta,
458 1176 546 1244 vitae
564 1175 726 1266 lampade
747 1175 881 1262 tradita,

338 1279 488 1370 Vrgetur
513 1285 649 1346 aeterno
675 1300 811 1370 sopore,

366 1381 424 1449 Nil
446 1379 525 1465 uisi,
550 1403 620 1470 quo
641 1382 813 1452 veniemus
836 1402 972 1465 omnes,

262 1657 474 1747 Praegressa.
509 1655 743 1743 Quamquam,
770 1653 853 1734 dum
878 1655 970 1723 bona
994 1656 1143 1749 singulos

261 1757 376 1830 Mater
400 1757 547 1850 reposcit
570 1766 679 1843 terra,
712 1755 866 1825 fidelium

340 1862 415 1931 Stat
440 1884 493 1929 res
518 1861 667 1928 viromm
691 1859 816 1928 intacta
838 1860 952 1953 plagis

418 1961 543 2034 Omnia
567 1962 773 2034 dissociantis
796 1963 881 2032 aevi.

259 2240 395 2309 Aevum
419 2238 537 2308 latenti
564 2238 712 2308 momine
737 2240 899 2329 temporis

261 2342 362 2411 Diem
388 2342 527 2432 diebus,
564 2341 698 2412 saecula
723 2342 864 2411 saeculis

337 2445 494 2530 eduens,
526 2446 697 2515 retractari
721 2454 868 2538 negante
959 2480 962 2487 ¹

414 2547 567 2620 Arbitrio
586 2548 784 2618 moderatur
808 2548 947 2634 orbem,

163 2905 164 2909 Ἰ
258 2825 358 2893 Nune
382 2821 483 2890 firma
508 2846 660 2909 servans,
686 2842 774 2912 quae
799 2821 992 2893 temerarios
1047 2870 1052 2876 -

259 2927 370 3019 Ausus
391 2925 562 3016 malignae
588 2927 716 2994 fraudis
743 2935 777 2993 et
803 2925 927 2994 efferos

338 3026 456 3099 Odere
481 3029 604 3117 fastus,
630 3050 719 3096 nunc
745 3029 787 3095 ab
814 3029 885 3095 alto
1091 3104 1096 3112 ,

414 3127 570 3200 culmine
597 3129 754 3200 deiiciens
788 3138 963 3222 potentem

261 3407 375 3498 Turpi
399 3407 503 3475 ruina.
532 3404 647 3474 Gemit
672 3406 761 3472 enim
786 3404 892 3491 nefas,

261 3510 434 3599 Auditque
460 3508 564 3578 iudex
587 3505 723 3576 additus
746 3508 869 3593 inferis,

339 3613 498 3701 Quisquis
524 3611 586 3678 sub
617 3609 711 3680 Oreo
738 3609 956 3702 congregatis

413 3714 639 3805 Conqueritur
661 3736 766 3783 novus
789 3713 916 3807 hospes
945 3711 1081 3799 umbris,

261 3954 332 4040 Seu
350 3979 465 4041 sancta
484 3971 574 4039 fidae
599 3969 741 4039 foedera
764 3969 921 4038 dexterae

264 4074 470 4166 Contempta
491 4097 641 4159 narrans,
668 4076 737 4142 sive
760 4074 884 4142 malam
908 4073 996 4142 sitim

341 4180 445 4261 Auri,
470 4177 751 4266 tumescentisque
774 4176 865 4244 diros

414 4281 585 4354 Luxuriae
605 4303 795 4350 memorans
819 4279 968 4358 furorem
