2826 4904
146 245 211 312 raa
373 244 431 310 nu
458 243 641 307 urnrrsr
668 244 726 308 ur
746 198 1032 307 senonasno

80 1251 144 1314 loa

148 442 233 498 «εις.
283 414 358 489 nee
370 439 451 486 vera
463 415 590 508 enpsa
611 374 707 488 ιλιι.
722 417 844 488 ambus
864 402 967 505 nes,
987 427 1026 489 ιιι
1044 416 1080 486 n
1103 415 1176 488 hoc
1191 417 1261 488 ιι

146 518 273 612 schyll,
297 523 421 614 Agam
446 518 558 588 1393.

248 655 343 734 παίω,
368 658 411 731 (λε’
425 684 482 731 νιν
500 654 570 737 δίς·
594 651 661 728 ιιοῖν
682 659 841 731 dvoiv'
801 652 1029 781 οιμολγμρισιν

248 747 410 858 μεθῆκεν
432 755 547 833 αὐτον
535 759 682 836 πολλα·
708 758 768 834 ιιαὶ
793 754 1001 834 πεπτωκότι

248 861 377 961 τρίτην
405 858 629 954 ἐπενδίδωμι.

146 997 248 1067 Latet
259 999 349 1068 enim
364 1020 486 1067 nomen
505 989 641 1093 πληγην
657 997 691 1066 in
710 966 817 1067 verbo
838 996 943 1071 noio.
994 999 1040 1068 Et
1063 997 1122 1067 ubi
1150 996 1263 1087 sequi-

146 1109 203 1170 tur
214 1102 373 1188 verbum,
399 1113 437 1172 ut
460 1102 496 1169 in
520 1099 641 1170 eadem
658 1100 821 1194 Aeschyli
835 1102 995 1171 Qfabulav
1009 1097 1096 1170 579.

251 1237 292 1311 τί
309 1265 395 1318 τους
419 1233 706 1318 οἷναλωθέντας’
688 1265 726 1358 εγ
746 1231 856 1361 ψήφῳ
871 1240 1008 1332 λε’γιιν,

250 1333 318 1442 τδν
335 1341 449 1427 ζωντα
465 1335 494 1412 ιλ
509 1335 629 1432 οἷλγεῐν
644 1364 711 1435 χρη
728 1334 837 1437 τύχης
854 1335 1098 1435 παλιγκότους

147 1501 250 1569 quem
267 1477 383 1546 locum
403 1485 587 1568 propterea
601 1476 714 1561 attuli,
740 1476 834 1567 quod
857 1477 1032 1547 Lamberti
1055 1475 1152 1544 Bosii
1173 1495 1266 1544 error

145 1582 181 1650 in
198 1581 376 1650 novissima
389 1579 536 1650 editione
552 1600 621 1646 non
635 1588 684 1645 en
702 1590 844 1646 notatus.
896 1582 984 1649 Nam
1002 1581 1118 1672 priore
1134 1587 1265 1646 tantum

145 1706 244 1754 versu
269 1684 372 1751 allato
405 1705 443 1776 p.
464 1680 550 1750 661.
577 1682 711 1771 ellipsin
737 1682 852 1774 fingit,
895 1705 983 1772 quae
1009 1682 1125 1750 addito
1157 1682 1264 1750 altero

146 1810 245 1856 versu
262 1787 357 1855 nulla
377 1796 435 1853 est.
474 1786 554 1869 ‚Par
576 1807 669 1852 error
693 1795 742 1853 est
763 1785 867 1854 Ferd.
886 1784 1034 1856 Stoschii
1053 1810 1089 1878 p.
1106 1780 1168 1853 25.
1183 1785 1218 1850 in
1233 1803 1264 1853 v.

147 1886 296 1968 ἄκοιτις.
355 1889 451 1958 Alter
474 1887 595 1954 modus
618 1888 795 1978 multiplex
822 1896 888 1973 est,
926 1912 1032 1980 quum
1049 1911 1139 1958 nune
1164 1888 1264 1957 animi

82 2072 86 2079 Ι
145 1989 298 2081 quodam
317 1999 412 2064 motu
432 1989 574 2058 cohibiti
597 1990 725 2080 aliquid
749 1991 965 2079 reticeamus,
999 2003 1037 2063 ut
1063 1991 1159 2085 apud
1187 1993 1264 2061 Ho-

148 2115 292 2166 ructum:

726 2196 850 2271 εἴποτε
870 2194 905 2271 d’
932 2193 1022 2272 αὖτε

248 2291 359 2397 χρειολ
377 2301 478 2392 ε’μεῖσ
495 2297 644 2396 γένηται
668 2293 790 2374 αἰιιιεά
812 2294 936 2396 λοιγόν
959 2297 1101 2395 α’μῦναι

249 2409 327 2484 τοῖς
344 2399 486 2483 οἷλλοιςα
500 2441 551 2455 --

31 2544 35 2552 “
146 2561 237 2610 nunc
267 2561 444 2610 vereamur
470 2538 600 2626 aliquid
629 2547 667 2608 ut
700 2540 842 2630 impium
871 2547 928 2610 aut
961 2540 1051 2610 male
1082 2544 1261 2610 ominatum

146 2643 281 2727 dicere,
306 2652 344 2710 ut
359 2642 394 2712 in
409 2641 573 2732 Aeschyli
589 2641 848 2732 Agamemnone
861 2666 892 2711 v.
908 2638 995 2710 505.

251 2777 290 2858 ὃς
311 2775 378 2849 οὔτ
382 2772 587 2863 ’ἄνανδος,
617 2774 703 2850 οὔτε
724 2805 785 2851 σοι
806 2778 916 2853 δαίων
928 2774 1048 2903 φλόγα

250 2877 334 2975 ολης
357 2874 496 3002 ὀρείας,
531 2886 686 2975 σημανεῖ
702 2882 826 2975 καπνῷ
841 2875 991 3003 πυρός,

250 2976 371 3067 αλλ’”
348 3008 369 3075 η
393 2973 439 3053 ro*
461 2978 601 3077 χαίρειν
620 2983 761 3073 μᾶλλον
785 2979 926 3078 ἐκβάξει
941 2985 1160 3080 λε’γιον-,

247 3109 315 3156 τον
334 3078 462 3157 οἷντιον
482 3083 521 3156 δὲ
538 3080 703 3156 τοῖσιλΗ
678 3088 888 3183 αποστέργω
902 3082 1022 3182 λόγον.

146 3242 236 3290 nunc
250 3221 397 3309 denique
414 3221 571 3307 alterum,
598 3244 686 3310 qnae
706 3225 934 3310 omittimus,
925 3246 1037 3316 rpsum
1054 3224 1183 3294 addere
1205 3246 1260 3293 ve-

145 3326 261 3409 limus,
287 3334 325 3393 ut
347 3323 440 3417 apud
463 3324 728 3417 Aristophanem
750 3328 786 3396 in
804 3328 925 3396 Ranis:

249 3458 273 3558 ιγ’
296 3455 430 3554 γλῶσσ’
455 3455 629 3555 ὁμαίμον’,
650 3457 898 3553 -Αἰσχύλον
921 3460 957 3536 δ’
974 3457 1185 3562 αἱρήσομαι.

145 3598 241 3689 quod
263 3602 370 3691 gertus
391 3595 564 3687 inprimis
584 3599 739 3689 frequens
763 3608 811 3666 est
829 3600 863 3667 in
881 3601 1084 3691 proverbiis:
1115 3600 1208 3670 unde
1230 3601 1263 3667 in

145 3705 233 3771 libro
252 3703 318 3769 isto
335 3699 381 3768 de
402 3699 513 3791 ellipsi
536 3699 630 3768 haud
650 3724 727 3769 raro
749 3703 835 3779 inter
854 3704 988 3794 ellipses
1009 3703 1263 3774 commemorari

148 3805 281 3892 videas,
307 3827 411 3894 quae,
436 3812 474 3869 ut
499 3805 722 3893 aposiopesis,
747 3807 857 3874 omitti
885 3807 1073 3892 debebant,
1106 3816 1145 3874 nt
1172 3809 1208 3874 in
1232 3829 1261 3874 v.

142 3914 287 4001 βινεῖν,
325 3899 528 3992 διδάσκειν,
562 3904 783 4000 ἐπάγεσθαι,
828 3903 1102 3998 καταισχύνειν,
1135 3907 1262 3982 λακτί-

149 4019 238 4096 ζειν,
264 4010 429 4102 πέμπειν.
488 4007 585 4075 Nilril
606 4008 730 4075 horum
749 4020 840 4080 recte
860 4011 906 4078 ad
934 4012 1066 4102 ellipsin
1090 4014 1262 4081 referetur.

81 4115 237 4180 llllNam
253 4111 340 4178 illud
356 4132 480 4203 genus,
506 4111 623 4200 inquo
639 4113 950 4202 epraecedentibus
973 4117 1028 4184 vel
1050 4117 1263 4204 sequentibus

147 4214 258 4284 verbis
279 4212 408 4304 aliquid
436 4211 696 4307 intelligendum
727 4224 795 4302 est,
838 4239 880 4286 eo
913 4219 957 4286 ab
993 4218 1104 4309 ellipsi
1139 4219 1264 4318 differt,
1328 4253 1331 4261 ·
