2826 4904
287 327 1086 394 ulnvntsscnnlmsnlssaurl'rlo.
1182 331 1247 399 tol

136 497 227 598 ᾖδον
247 497 308 572 ναὶ
326 496 532 597 ὠρχοῦντο·
559 495 652 592 εἶτ’,
679 496 802 600 ἐπειδή
817 503 1036 595 κινουμένων
1054 494 1101 575 sd
1116 495 1248 594 ἆσθμα

135 599 206 698 τήν
228 596 322 699 aiddu
343 597 608 697 ἐπετάραττεν,
641 602 794 697 ἄμεινον
823 607 942 686 ἔδοξεν
969 603 1097 685 ἄλλους
1123 600 1248 684 αὐτοῖς

135 699 300 799 ὑπᾴδειν.
351 705 482 774 Gellius
503 705 577 772 XX.
603 705 637 778 3.
690 705 883 775 Sicinninm
896 729 1013 799 genus
1030 707 1157 776 veteris
1171 707 1248 774 sat-

135 807 280 876 tationis
298 803 386 898 fluit.
438 806 654 877 Saltabundi
677 816 795 876 autem
818 808 1009 895 canebant,
1043 831 1136 901 qaae
1155 830 1248 876 nnnc

134 917 272 980 stannes
284 917 423 978 comant.
473 909 620 978 Isidorus
639 909 736 1003 Orig.
754 911 879 979 XVIII.
894 909 955 978 44.
981 912 1164 980 orchestra
1179 933 1248 979 an-

134 1020 208 1080 tem
218 1012 379 1105 palpitas
395 1021 474 1081 erat
486 1035 629 1099 scenae,
653 1012 714 1082 ndi
728 1015 881 1082 saltator
894 1035 1009 1106 agere
1018 1021 1157 1106 posset,
1184 1020 1248 1082 out

135 1115 209 1185 duo
225 1117 316 1183 inter
329 1137 368 1182 se
381 1115 574 1207 dispumare.
624 1115 684 1184 ‚lbi
700 1117 790 1183 enim
799 1124 931 1208 poetae
945 1116 1102 1185 comoedi
1118 1123 1151 1183 et
1166 1123 1247 1182 tra-

135 1217 317 1310 goedi-ad
331 1225 509 1286 certamen
526 1217 818 1305 conscendebant,
844 1220 953 1310 iisque
969 1216 1171 1287 canentibus
1183 1218 1249 1286 atii

137 1327 263 1412 gestus
274 1318 434 1389 edebant.
461 1321 576 1389 Alium
594 1320 710 1391 locum
725 1323 863 1389 Eusebii
880 1323 915 1388 in
931 1320 1093 1392 chronico
1107 1343 1143 1412 p.
1160 1316 1245 1388 155.

138 1421 298 1514 distantes
322 1423 416 1492 Cilix
430 1424 685 1514 pantomimus,
711 1446 817 1515 pum
839 1432 975 1493 veteres
997 1425 1066 1516 ipsi
1081 1429 1248 1492 candent

139 1535 174 1594 et
204 1527 394 1611 saltarent,
428 1527 570 1618 primus
592 1527 733 1596 Romae
762 1528 908 1597 choum
932 1534 968 1595 et
980 1525 1151 1620 statutam
1180 1524 1249 1595 sibi

132 1629 345 1722 praecinere
359 1627 471 1721 fecit,
498 1640 653 1700 accurate
672 1631 824 1699 tractavit
843 1630 1024 1697 Salmasius
1040 1628 1086 1695 ad
1110 1628 1247 1719 Scriptt.

138 1732 183 1800 H.
199 1734 241 1801 A.
256 1756 291 1823 p.
310 1730 384 1798 491
395 1729 541 1798 -504.
565 1733 775 1820 ostenditque
794 1732 861 1798 alio
878 1730 1048 1822 spectare,
1075 1753 1178 1819 quam
1202 1729 1247 1798 ad

138 1833 230 1906 huno
247 1857 396 1918 morem,
423 1834 467 1900 de
486 1856 555 1922 quo
568 1834 680 1901 Livius
702 1843 737 1903 et
753 1833 906 1901 Valerius
920 1833 1088 1901 Maximus
1100 1833 1250 1922 loquun·
1288 1869 1294 1887 .

138 1945 201 2011 tur.
253 1938 308 2005 Ex
323 1936 376 2003 his
394 1958 474 2004 vero
489 1936 566 2004 luce
581 1937 702 2006 elarius
720 1944 877 2028 apparet,
902 1935 1078 2005 histriones
1095 1935 1248 2005 diverbia

137 2041 390 2132 pronunciasse,
416 2041 546 2110 cantica
567 2049 678 2108 autem
700 2041 806 2132 egisse
828 2048 973 2127 tantum,
1009 2050 1149 2110 canente
1170 2039 1248 2106 alio.

137 2144 202 2229 Et,
226 2143 254 2208 si
273 2142 443 2227 hiemes,
468 2153 506 2210 ut
526 2166 566 2212 ex
592 2143 680 2210 Livii
703 2145 811 2229 uerbis
831 2143 964 2211 videtur
987 2142 1108 2232 colligi
1134 2164 1248 2232 poue,

137 2246 272 2334 semper
295 2246 487 2311 observatus
512 2254 578 2328 est,
604 2243 674 2313 hoe
693 2255 784 2313 certe
809 2253 901 2313 extra
922 2243 1164 2311 dubitationem
1187 2243 1251 2311 erit

136 2349 304 2441 positum,
337 2346 499 2415 Roscium
525 2348 768 2437 Aesopumque
795 2348 928 2443 cantica
957 2354 1103 2415 tacentes
1130 2347 1249 2438 egisse,

137 2452 206 2518 sive
229 2449 374 2522 saltasse.
426 2449 557 2517 Saltare
582 2451 671 2516 enim
697 2450 910 2541 tragoediam
935 2449 1071 2536 dicitur,
1103 2449 1161 2537 qui
1185 2470 1250 2539 ge-

119 2543 205 2621 stus
225 2553 312 2644 agit3
339 2560 491 2636 cantare,
522 2552 580 2640 qui
608 2574 720 2645 versus
750 2554 848 2623 canit.
899 2552 1000 2620 Vnde
1021 2541 1140 2618 saltare
1165 2572 1251 2642 pro-

137 2657 249 2749 prium
268 2662 318 2723 est
338 2654 522 2739 histrionis,
556 2663 689 2724 cantare
708 2656 859 2724 cantoris.
909 2655 1072 2723 Distinete
1094 2653 1138 2721 de
1157 2662 1251 2720 utra-

138 2781 205 2847 que
225 2780 262 2826 re
284 2759 432 2848 loquitur
443 2758 621 2827 Suetonius
642 2759 678 2825 in
691 2757 850 2851 Caligula
865 2780 895 2827 e.
912 2753 972 2825 54.
992 2757 1088 2826 idem
1112 2764 1247 2841 cantor,
1304 2756 1307 2763 ’

137 2869 244 2952 atque
262 2862 422 2930 saltator.
482 2863 528 2930 Et
549 2862 676 2929 statim:
717 2861 869 2930 canendi
890 2883 936 2930 uc
963 2860 1123 2930 saltandi
1142 2846 1296 2929 nota-⁴¹3

133 2971 239 3055 ptate
256 2964 309 3032 ita
325 2962 558 3060 fidebatur,
583 2973 623 3032 nt
643 2987 688 3032 ne
703 2963 857 3058 publicis
881 2964 1023 3056 quidem
1037 2954 1250 3056 spectaculis

138 3075 371 3158 temperaret,
397 3090 463 3158 qao
478 3068 593 3136 minus
616 3075 650 3136 et
669 3068 846 3160 tragoedo
859 3067 1111 3159 pronuncianti
1132 3066 1250 3136 conci*

138 3176 255 3254 neret,
289 3177 324 3236 et
345 3177 487 3262 gestum
508 3169 700 3254 histrionis,
740 3171 844 3261 quasi
868 3170 1023 3237 laudans
1050 3168 1107 3236 vet
1135 3166 1249 3235 corri-
1379 3211 1382 3220 -

138 3294 246 3365 gens,
266 3273 398 3363 potam
419 3269 618 3365 effingeret.
669 3270 767 3337 Idem
783 3272 818 3338 in
839 3271 975 3337 Nerone
993 3290 1023 3336 c.
1040 3265 1101 3334 46.
1128 3266 1249 3336 obser-

136 3383 260 3443 vatum
276 3376 384 3443 etiam
391 3373 541 3467 fluerat,
565 3372 790 3440 novissimam
802 3368 978 3465 fabulam
990 3376 1153 3439 cantasse
1170 3393 1249 3439 enm

135 3476 294 3569 publice,
337 3475 559 3569 Oedipodem
590 3475 762 3560 ensntnn,
804 3480 910 3566 atquae
938 3473 975 3542 in
1008 3471 1076 3542 hoc
1104 3472 1250 3543 desiisse

136 3601 260 3649 versu:

239 3723 369 3793 θανεῖν
392 3712 439 3812 μ’
458 3713 573 3810 ἄνωγε
597 3709 776 3814 σύγγαμος
781 3705 807 3809 ,’
822 3713 940 3818 μήτηρ
948 3769 963 3807 ,
989 3708 1120 3814 πατήρ.

136 3887 208 3958 Sed
225 3889 314 3961 haec
334 3890 402 3957 iam
416 3894 660 3964 accuratissime
677 3893 832 3982 exposuit
842 3892 1022 3962 Salmasius
1045 3891 1090 3961 ad
1110 3884 1248 3978 scripu.

136 3991 184 4066 H.
208 3995 252 4062 A.
276 4017 313 4086 p.
339 3989 425 4060 ³52.
455 4006 489 4064 et
514 3993 601 4064 503.
652 3997 731 4064 Alia
762 4018 842 4063 vero
875 3993 934 4068 hic
964 3996 1068 4063 oritur
1090 3991 1250 4080 quaestio,

137 4098 314 4186 semperne
337 4099 466 4167 cantica
487 4101 531 4167 ab
555 4099 626 4167 aliis
649 4105 780 4169 cantata
804 4098 944 4185 fuerint,
970 4122 1073 4189 quam
1092 4094 1248 4182 aquibus

135 4210 236 4291 gestu
250 4198 531 4290 exprimerentur,
557 4226 600 4269 an
616 4202 783 4271 interdum
803 4202 904 4271 etiam
921 4201 1096 4270 histriones
1109 4197 1179 4287 ipsi
1203 4199 1249 4265 si-

135 4303 209 4373 mul
223 4312 256 4372 et
269 4303 458 4377 saltaverint
471 4315 506 4373 et
518 4307 719 4376 sanaverint
732 4305 894 4376 fabulam.
945 4305 1026 4377 Hoc
1039 4309 1246 4398 postremum
