2826 4904
199 316 264 379 2¹14
411 311 470 372 DE
495 309 783 372 PRAECEPTIS
816 309 1099 385 Qvlnvsntn

200 484 341 576 reliqnis'
364 506 386 550 a
417 482 585 574 particula
607 475 661 580 μή
680 481 914 573 incipientibus
938 481 1239 566 enunciationibus,
1278 483 1316 550 id

199 587 291 656 mibi
312 585 423 654 fateor
450 595 521 655 tam
546 587 688 656 obscure
719 585 847 656 dictum
867 585 991 671 videri,
1033 595 1071 653 ut
1092 608 1204 675 neque
1232 585 1316 675 quid

198 680 272 783 ipse
292 688 411 758 sentiat
432 690 483 757 vir
502 688 815 780 praestantissimus,
850 711 960 777 neque
986 690 1069 778 quid
1089 688 1173 756 alios
1194 689 1316 756 sentire

198 794 296 876 velit,
343 792 540 884 intelligam.
607 792 745 882 Ellipsis
783 791 937 880 quidem,
985 793 1013 858 si
1051 815 1212 880 nsquam,
1258 791 1317 862 hic

198 897 344 964 maxime
381 895 565 963 necessaria
602 905 666 963 est:
713 917 918 983 quamquam
954 894 1038 962 illud
1075 895 1222 964 liberum
1257 907 1316 980 est,

199 999 293 1088 qnod
322 999 464 1067 verbum
479 1021 616 1089 qnoque
632 1000 667 1066 in
681 999 761 1068 loco
780 999 959 1091 intelligas.
1010 999 1118 1067 Plena
1135 999 1246 1066 oratio
1266 1008 1315 1066 est

200 1099 269 1173 oa.
292 1131 324 1193 χ.
346 1098 432 1169 ιιι.

497 1284 502 1298 ι
830 1235 906 1309 εἰπὲ
934 1236 972 1308 δὲ
997 1235 1132 1331 πατρί,

301 1336 355 1439 μή
376 1366 425 1432 με
448 1339 692 1436 περισθενέων
715 1336 908 1434 δηλήσεται
930 1335 1006 1421 ὀξέι·
1025 1341 1159 1435 χαλκῷ·

200 1512 278 1580 vide
304 1511 341 1578 h.
366 1510 452 1578 Ven.
477 1505 562 1575 188.
586 1531 626 1575 ss.
677 1508 725 1576 Et
740 1532 844 1576 unum
873 1510 946 1598 quis
976 1510 1047 1578 hoc
1074 1510 1259 1602 Sophoclis
1282 1514 1316 1580 in

122 1640 126 1653 ¹
199 1614 290 1687 0ed.
310 1615 385 1683 001.
408 1607 494 1679 156.
517 1607 598 1685 ἀλλ’
622 1618 681 1684 ἵνα
700 1608 788 1705 τῷδ’
805 1616 843 1683 s’v
858 1607 1053 1708 α’φθέγκτῳ
1068 1607 1123 1711 μή
1137 1617 1315 1711 προπέσῃι

198 1713 307 1791 uduo
315 1772 329 1806 ,
357 1723 414 1783 ant
428 1714 522 1803 qnod
535 1714 654 1803 paullo
675 1723 752 1781 ante
767 1737 808 1782 ex
823 1714 1042 1806 Pythagorae
1065 1720 1215 1786 carmine
1230 1719 1313 1785 alla-

198 1830 271 1888 tum
287 1830 334 1887 est
350 1819 561 1908 exemplum,
588 1817 699 1907 ellipsi
723 1839 837 1885 carere
861 1817 975 1887 dicet?
1006 1819 1111 1904 Quod
1135 1821 1163 1888 si
1182 1816 1236 1918 μή
1255 1845 1314 1890 ve-

100 2007 102 2013 ,
198 1924 295 1990 tantis
310 1922 524 1991 coniunctivo
539 1919 586 1988 sic
601 1921 760 2011 iungitur,
786 1930 824 1987 ut
837 1919 1060 2011 significetur,
1083 1923 1168 1992 vide
1187 1947 1232 1991 ne
1243 1923 1314 2017 sa-

198 2025 291 2110 cios,
317 2033 472 2116 apertum
491 2031 556 2106 est,
582 2024 697 2090 aoristi
711 2046 790 2090 eum
804 2023 959 2092 debuisse
973 2026 1220 2095 coniunctivum
1233 2050 1314 2111 esse,

197 2128 293 2217 quod
321 2129 348 2195 is
375 2136 492 2193 natura
523 2149 582 2193 sua
606 2125 650 2193 ad
674 2126 825 2193 futurum
851 2135 985 2217 tempus
1021 2129 1182 2198 referturt
1221 2130 1315 2198 unde

197 2231 360 2299 etiamen
382 2251 424 2298 eo
448 2237 562 2297 ortum
581 2237 630 2296 est
650 2228 815 2309 futurum3
849 2253 917 2298 non
939 2233 1138 2323 praesentis,
1164 2255 1234 2323 quo
1256 2233 1315 2324 qui

195 2333 362 2419 uteretur,
387 2355 455 2400 non
474 2341 617 2416 vetaret,
652 2333 790 2420 nequis
815 2333 929 2402 facere
954 2335 1082 2424 aliquid
1104 2337 1311 2427 aggredere·

195 2445 267 2523 tur,
293 2437 352 2506 sed
370 2436 525 2504 dubitare
545 2458 581 2502 se
596 2434 775 2521 indicaret,
802 2459 846 2503 an
869 2438 987 2524 aliquis
1004 2439 1071 2507 iarn
1090 2462 1181 2509 nunc
1201 2440 1238 2507 id
1259 2440 1312 2508 fa-

195 2549 303 2626 ceret,
330 2539 529 2630 quodipse‚
555 2539 612 2627 qni
629 2548 772 2623 vetaret,
798 2540 912 2608 facere
937 2542 1034 2607 illum
1052 2543 1161 2610 nollet
1174 2543 1224 2636 *).
1249 2545 1311 2612 At-

193 2644 252 2732 qui
274 2644 323 2713 sic
346 2643 406 2711 ille
425 2666 537 2731 neque
557 2652 594 2709 ut
617 2643 786 2710 omitteret
807 2641 845 2709 id
864 2643 996 2729 facere,
1022 2668 1132 2733 neque
1152 2670 1195 2715 ne
1217 2655 1312 2738 post-

192 2743 260 2814 hac
283 2745 429 2829 faceret,
461 2754 664 2818 moneretur.
716 2745 807 2813 Rem
827 2769 892 2836 per
914 2770 950 2815 se
971 2748 1111 2839 planam
1124 2751 1310 2839 planiorem

192 2846 337 2916 reddam
351 2847 508 2939 exemplo
527 2847 641 2919 allato.
696 2846 766 2920 od.
784 2877 814 2927 ε
834 2846 919 2917 356.

296 3015 326 3091 ai
341 3042 408 3112 μοι
425 3010 494 3110 s’yol
500 3071 515 3105 ,
540 3009 594 3112 μή
611 3013 665 3097 alc
679 3042 746 3109 μοι
766 3015 962 3116 ὑφαίνησιν
978 3014 1084 3095 δόλον
1098 3018 1210 3096 ἄλλον

295 3113 505 3195 ἀθανάτων.

170 3289 342 3376 metuo,
368 3291 494 3380 inquit,
520 3311 565 3359 ne
578 3289 652 3358 iam
671 3313 764 3360 nunc
782 3291 931 3362 incidias
950 3295 1038 3363 milu'
1049 3303 1169 3364 struat
1184 3296 1308 3389 uliquis

193 3394 353 3462 deornm.
406 3393 512 3478 Quod
544 3382 738 3484 exemplum
771 3395 927 3463 eamdem
955 3399 1243 3520 comparationem
1266 3399 1309 3467 ad

192 3497 252 3564 illa
273 3496 396 3580 habet,
421 3498 458 3564 in
478 3497 600 3585 quibus
621 3499 734 3565 coristi
752 3499 979 3568 coniunctivus
1001 3511 1066 3586 est,
1092 3525 1196 3590 quam
1209 3504 1245 3569 in
1257 3504 1309 3570 in-

192 3599 300 3667 rando
318 3599 515 3668 indicativus
536 3601 718 3690 praesentis
740 3623 819 3671 cnm
843 3603 1011 3692 particula
1031 3597 1086 3702 μή
1106 3605 1239 3675 iunctus
1265 3605 1308 3674 ad

192 3703 353 3775 futurum.
405 3702 504 3776 mad
522 3730 553 3776 o.
574 3700 634 3769 41.

236 4043 268 4119 *)
289 4040 358 4101 Non
378 4039 502 4101 videtur
524 4038 659 4101 adhaec
680 4039 843 4101 attendisse
866 4039 1043 4104 Schaelerus
1063 4044 1096 4104 in
1117 4043 1308 4107 adnotatione

194 4125 232 4185 od
257 4125 420 4186 Iudicem
411 4147 443 4184 ιιι
466 4127 554 4205 Greg.
577 4125 645 4187 Cor.
664 4147 697 4206 p
725 4129 818 4194 1005.
841 4146 926 4205 seq„
946 4129 1002 4189 etsi
1027 4129 1119 4191 verba
1140 4130 1254 4193 haec
1244 4151 1307 4212 ipsa

193 4210 401 4292 transscripsit
425 4211 465 4272 ad
483 4212 608 4292 Gregor.
630 4232 663 4295 p
687 4215 760 4280 868
801 4211 880 4274 Vide
903 4233 979 4294 quae
1000 4213 1064 4276 dixi
1089 4215 1129 4277 ad
1148 4217 1306 4302 Sophoclis

192 4293 315 4357 Aiacem
336 4300 429 4365 1064
727 4338 730 4351 =
