2826 4904
289 292 475 357 9110le
495 294 553 359 ΕΤ
575 295 810 359 conflent:
832 296 1106 360 oufflortls.
1191 301 1255 362 109

138 469 258 539 Tertia
278 468 390 559 ligura
412 465 583 535 antithesis
605 477 673 554 est,
699 471 791 539 ouius
810 468 898 541 haec
920 477 969 540 est
990 469 1096 555 ratio,
1126 478 1165 538 ut
1188 470 1255 539 alio
1262 471 1311 533 28.

137 573 250 662 posito
267 570 358 639 aliud
373 580 582 661 opponaturz
609 572 735 641 mirac
750 573 840 640 enirn
848 581 960 663 porte
967 573 1092 664 pudor
1097 580 1255 666 pugnat,

138 676 236 744 illinc
252 674 486 766 petulantiora
514 674 596 742 irinc
612 675 813 768 pudicitia3
836 677 934 744 illino
960 683 1121 767 stuprum
1128 699 1141 754 ,·
1174 677 1256 744 hinc

128 777 249 874 fides,
276 778 374 845 illinc
385 776 601 870 ιᾒαιιάαϋυς
630 778 712 847 irinc
731 780 870 870 pietas,
896 780 993 847 illinc
1013 779 1149 855 acetum
1174 779 1256 848 hinc

137 881 357 964 constantia,
382 880 480 948 illino
491 878 623 972 suror3
655 882 737 948 trino
765 881 945 967 honestos,
986 882 1083 950 illinc
1101 882 1254 973 turpita·
1296 920 1300 927 -

138 984 207 1062 do,·
243 984 325 1052 hino
343 983 571 1066 continentia,
597 983 694 1053 illinc
718 983 853 1054 libido:
886 994 919 1052 et
950 1007 1037 1072 quae
1062 995 1255 1073 sequuntur,

139 1087 235 1156 aliter
247 1086 365 1175 paullo
381 1085 601 1154 conformata.
634 1142 646 1156 ,

240 1191 453 1258 Postremum
469 1210 576 1279 genus
594 1211 710 1256 earum
727 1199 776 1257 est
790 1190 987 1285 figurarum,
1013 1209 1100 1277 quae
1117 1189 1161 1256 ad
1177 1212 1254 1257 mo-

139 1291 222 1360 dum
245 1301 398 1381 spectant
426 1313 495 1380 quo
519 1293 765 1362 enunciationes
780 1295 826 1361 ad
840 1293 941 1360 animi
956 1316 1088 1360 sensum
1100 1292 1254 1361 referun-

136 1403 203 1463 tur.
254 1396 294 1462 ln
309 1395 363 1462 his
379 1394 498 1486 figuris
513 1395 661 1484 primum
676 1396 790 1465 locum
804 1401 897 1464 tenet
922 1396 1150 1486 interrogatio.
1182 1397 1254 1465 Sed

138 1519 208 1566 non
224 1499 329 1566 omnis
352 1497 570 1589 interrogatio
594 1498 706 1589 figura
725 1511 790 1584 est,
815 1522 932 1567 verum
956 1522 996 1566 ea
1011 1509 1159 1581 tantum,
1186 1522 1254 1587 qua

137 1623 207 1686 rm,
234 1625 320 1689 quae
333 1601 388 1667 vel
410 1612 458 1669 est
474 1611 584 1686 certa,
609 1603 665 1669 vel
678 1604 816 1670 sumitur
831 1625 913 1685 esse,
937 1624 1001 1690 per
1016 1603 1254 1691 interrogatio-

137 1727 216 1772 nem
237 1705 424 1773 deuotatur.
474 1705 699 1795 Interrogatio
724 1708 814 1773 enim
829 1704 1044 1772 dubitationis
1058 1714 1108 1771 est
1125 1704 1254 1794 signifi-

138 1810 236 1880 catio.
293 1806 381 1902 Quia
394 1815 429 1874 te
445 1828 490 1874 ex
506 1807 577 1875 hoc
595 1815 698 1874 tanto
705 1807 932 1901 frequentia,
959 1815 994 1877 et
1008 1814 1059 1877 tot
1073 1808 1143 1876 tuis
1160 1807 1254 1875 ami-

138 1911 188 1981 cis
204 1933 251 1980 oc
263 1909 475 1978 necessariis
494 1906 694 1980 salutavit?
824 1961 829 1973 ,

238 2046 366 2140 Negat
387 2042 492 2140 qaia?
520 2069 634 2141 nego:
670 2041 751 2120 ait?
783 2047 851 2116 oio.

135 2184 258 2273 Neque
274 2185 363 2250 euim
377 2186 596 2274 interrogatio
611 2207 677 2274 pro
691 2183 883 2252 conditione
902 2182 1054 2271 ponitur,
1080 2181 1141 2250 sed
1156 2181 1254 2251 vide·

133 2297 191 2354 tur
208 2293 338 2351 tantum
350 2286 398 2350 ita
414 2287 516 2376 poni,
543 2285 622 2371 quia
635 2287 736 2350 etiam
752 2284 799 2352 sic
814 2282 882 2349 dici
895 2293 1024 2372 potest:
1049 2286 1081 2353 oi
1098 2286 1176 2377 quis
1189 2308 1253 2353 ne-

134 2395 227 2484 gat,
260 2408 364 2480 nego.
423 2388 471 2456 At
493 2387 633 2478 proprie
658 2409 722 2477 per
751 2385 1047 2477 interrogationem
1077 2410 1146 2456 nou
1173 2388 1254 2473 hoc,

136 2492 197 2560 sed
217 2490 306 2558 illud
325 2489 551 2557 indicabatur:
583 2511 683 2557 samo
706 2488 861 2579 aliquem
883 2510 1040 2581 negare:
1079 2498 1153 2558 turn
1179 2492 1256 2583 ipse

136 2616 240 2687 nego.
293 2592 452 2662 Secunda
464 2593 577 2685 figura
596 2601 646 2661 est
661 2592 879 2676 exclamatio,
906 2616 973 2681 qua
988 2592 1134 2682 aliquid,
1160 2593 1255 2683 quod

136 2699 300 2766 incertum
325 2706 390 2781 est,
422 2697 588 2786 quianon
615 2697 679 2762 nisi
700 2719 797 2763 sensu
820 2695 979 2784 cuiusque
1004 2696 1168 2764 aestimari
1186 2719 1254 2788 po·
1383 2766 1387 2773 ,

135 2810 218 2886 test,
243 2809 280 2867 ut
300 2811 429 2869 certum
447 2809 548 2890 atque
569 2797 794 2868 indubitatum
814 2802 1045 2870 enunciamus:
1077 2808 1251 2895 otempo-

136 2925 202 2990 ra,
229 2924 396 2972 omores.

243 3037 277 3109 0
290 3061 405 3131 genua
422 3037 547 3133 infelix
565 3038 768 3125 humanum,
794 3039 886 3107 talio
901 3039 994 3109 diois

238 3162 345 3234 qaum
368 3142 490 3211 tribuit
500 3142 630 3236 facta,
658 3149 764 3232 atque
783 3142 859 3210 iras
878 3142 1042 3210 adiunxit
1056 3138 1227 3217 aoniam

240 3253 388 3336 quantos
401 3252 477 3313 tom
498 3246 653 3337 gemitus
676 3245 745 3334 ipsi
764 3243 849 3327 sibi,
875 3252 1077 3333 quantoque
1095 3240 1194 3309 nobis

239 3348 408 3433 octona,
424 3371 513 3440 quos
526 3348 708 3419 lacrumas
718 3366 897 3437 peperere
910 3342 1103 3412 minoribus
1115 3344 1251 3414 nostris.

136 3483 266 3552 Vltima
288 3484 433 3574 denique
453 3486 629 3576 figuraest
651 3506 709 3568 ea,
735 3504 803 3570 qua
817 3480 946 3570 aliquid
967 3482 1015 3549 ita
1030 3481 1190 3569 dicimuS,
1216 3491 1254 3549 ut

134 3585 174 3655 id
189 3596 331 3677 propter
346 3589 454 3679 ipsam
473 3587 628 3656 orationis
641 3585 942 3657 conformationem
961 3586 1005 3655 ab
1028 3587 1182 3655 omnibus
1194 3606 1253 3652 ac-

136 3689 208 3780 cipi
224 3691 431 3780 probariquc
446 3691 579 3761 debeat.
631 3690 730 3760 Haec
749 3712 830 3758 vero
851 3689 964 3781 figura
982 3712 1044 3760 usu
1063 3689 1254 3757 continetur

135 3794 209 3861 uoti
233 3794 289 3862 vel
307 3795 468 3866 celebrati
489 3795 587 3881 dicti,
613 3794 708 3884 quod
729 3793 775 3861 ad
795 3802 943 3862 nostram
967 3814 1115 3863 caussam
1145 3798 1254 3857 traus-

135 3896 291 3966 ferimus:

244 4032 392 4122 οΤ11ε,
418 4031 557 4126 siquid
580 4053 651 4125 ego
668 4031 816 4117 adiuro,
841 4028 1176 4110 mansuetorum,

240 4137 368 4231 ecquid
392 4137 459 4207 erit
472 4130 647 4229 procui?

134 4272 194 4343 Ad
214 4272 285 4348 hoc
309 4299 417 4372 geum
434 4273 604 4370 pertinent
616 4272 717 4340 etiam
729 4269 930 4364 proverbia,
955 4266 1016 4338 sed
1036 4267 1084 4337 ita
1098 4265 1253 4360 plerum-
