2826 4904
345 291 351 301 “
468 316 516 378 m
548 315 731 377 cannen
763 315 956 379 mnovr.
1205 317 1268 384 rso

154 486 324 579 elliptica,
356 480 410 584 μή
434 482 565 586 δράσῃς
584 486 695 567 τάδε,
728 487 823 576 qnod
846 488 967 557 clarius
991 497 1040 556 est
1058 487 1177 575 etiam,
1209 491 1268 558 nbi

153 588 248 671 ὅπως
261 590 430 658 αῐῑίἰοίωῐτ
456 588 551 672 ὅπως
569 591 607 666 δὲ
627 591 738 688 μηδὲν
759 592 858 686 εἴπῃς
879 590 1016 690 μηδενί,
1065 592 1268 693 Intelligitur

153 695 298 763 enimin
322 689 375 760 his
397 690 468 790 ὅρα
476 748 491 782 ,
516 717 585 783 quo
609 696 713 762 verbo
735 693 824 763 haec
841 694 904 761 tria
921 695 1130 765 continentur
1144 694 1266 780 omnia,

152 798 274 886 quibus
296 795 342 864 ad
363 797 530 888 integram
552 798 748 866 sententiam
770 820 856 888 opus
877 807 944 882 est,
979 790 1025 870 mi
1049 795 1144 890 ὀρῶν
1174 800 1266 872 ἴσθι.
1365 846 1368 852 -

152 902 369 989 Quamquam
389 921 458 967 non
477 923 682 992 repugnem,
709 900 736 967 si
757 901 829 988 quis
844 901 972 968 mavult
991 901 1153 992 intelligi,
1178 903 1265 993 λέγω

152 1028 192 1076 σε
217 1001 322 1098 ὀρᾷν.
373 1004 462 1070 Nam
484 1004 557 1071 fere
579 1013 688 1071 totum
709 1003 779 1070 hoc
804 1026 911 1094 genus
926 1003 1080 1092 ellipseos
1093 1004 1128 1071 in
1149 1003 1267 1073 huius-
1294 1086 1301 1095 1
1322 1032 1325 1036 ·

151 1106 248 1174 modi
259 1107 425 1173 sententiis
437 1116 602 1192 versatur,
629 1108 749 1196 quibus
764 1129 824 1174 nos
846 1106 936 1174 velle
957 1106 1104 1195 aliquid,
1130 1107 1187 1174 rel
1205 1129 1267 1177 cu-

150 1232 250 1301 pere,
283 1208 340 1276 vel
361 1208 571 1296 desiderare,
597 1211 653 1277 vel
671 1211 820 1300 probare
836 1209 1080 1300 significamus:
1106 1210 1211 1277 veluti
1234 1211 1270 1281 εἰ

151 1314 315 1406 γένοιτο·
343 1308 423 1382 a’tl’
441 1314 472 1383 εἱ
491 1313 560 1405 μὲν
577 1306 730 1385 δώσουσι
753 1314 857 1409 γέρας
876 1305 1089 1406 μεγάθυμοι
1107 1308 1264 1402 Ἀχαιοί.

151 1414 349 1484 Cuiusmodi
362 1415 526 1482 formulas
546 1416 573 1482 is
593 1415 749 1500 demum,
775 1415 1016 1502 meoiudicio,
1040 1425 1133 1484 recte
1155 1415 1265 1506 expli-

129 1517 259 1603 cabit,
297 1518 443 1606 quinon
464 1528 594 1587 certum
621 1518 797 1609 quoddam
822 1519 981 1603 verbnm,
1023 1518 1084 1585 sed
1113 1517 1264 1586 universe

148 1620 363 1706 sententiam,
393 1622 500 1711 qualis
524 1622 721 1712 requiritur,
753 1621 900 1690 censebit
913 1621 1168 1711 intelligendam
1182 1643 1262 1688 esse.

150 1721 306 1812 Obscura
330 1725 418 1792 enim
431 1726 511 1792 talia
524 1726 668 1818 cogitari
689 1724 815 1809 solent,
840 1733 892 1808 et,
918 1746 1023 1811 quum
1049 1725 1139 1793 clare
1156 1743 1332 1807 canu-114

149 1823 294 1914 ciuntur,
319 1828 404 1895 inter
417 1829 534 1919 plures
545 1828 710 1897 formulas
733 1828 842 1895 libera
856 1828 952 1917 optio
969 1836 1029 1895 est.

239 2087 244 2094 =
358 2135 360 2139 ,
428 2015 499 2124 ¹JV.
530 2062 589 2126 ne
624 2063 971 2146 ezzspsrmmrno.

250 2236 323 2301 lam
343 2244 566 2324 posteaquam
594 2237 747 2304 universe
771 2236 816 2304 de
849 2235 961 2324 ellipsi
989 2234 1176 2324 expositum
1205 2241 1264 2319 est,
1309 2247 1311 2251 ’

114 2398 117 2408 .
143 2337 484 2407 accommodabimus
503 2339 764 2430 disputationem
780 2347 928 2406 nostram
943 2336 988 2404 ad
1002 2360 1062 2424 ea,
1088 2361 1176 2428 quae
1189 2337 1264 2404 Bo·

144 2442 214 2508 sius
235 2440 327 2530 iique
355 2441 572 2532 scripserunt,
597 2443 657 2531 qui
680 2443 804 2510 librum
827 2441 1009 2532 Bosianum
1032 2441 1265 2510 additamentis

145 2565 292 2639 auxere
333 2544 489 2630 Quorum
511 2553 701 2613 commenta
718 2545 862 2630 faciunt,
887 2566 930 2611 ne
953 2544 1030 2611 satis
1052 2568 1124 2613 esse
1146 2544 1265 2612 videa-

144 2655 202 2714 tur
223 2656 376 2715 naturam
398 2648 554 2739 ellipseos
573 2648 608 2715 in
629 2651 818 2717 universum
841 2647 1048 2733 declarasse,
1080 2647 1142 2716 nisi
1161 2648 1263 2714 etiam

145 2749 258 2818 fontes
270 2750 459 2819 indicentur
476 2775 644 2838 erromm,
670 2775 755 2841 qnos
773 2753 833 2819 ille
849 2751 1077 2819 venandamm
1095 2750 1263 2841 ellipsium

146 2851 243 2919 furor
261 2855 453 2946 progenuit.
504 2856 682 2943 Aequum
704 2866 769 2923 tres
793 2857 857 2923 siut
880 2854 1018 2922 Bosiani
1034 2854 1113 2923 libri
1137 2864 1261 2945 parteS,

146 2978 291 3044 quarum
311 2958 422 3047 prima
444 2953 488 3026 d¹e
516 2959 673 3044 nondnis,
707 2960 854 3029 secunda
884 2957 929 3026 de
950 2959 1063 3043 verbi,
1095 2959 1193 3025 tertia
1216 2958 1261 3025 de

144 3059 387 3148 particularum
408 3061 517 3151 ellipsi
542 3071 606 3140 est,
637 3084 738 3130 nemo
755 3063 815 3151 qui
836 3063 1042 3130 accuratiore
1058 3061 1204 3130 imbutus
1221 3060 1262 3127 sit

148 3161 303 3232 Graecae
320 3162 459 3256 linguae
478 3165 686 3255 cognitione,
710 3186 780 3232 non
799 3166 982 3256 intelliget,
1006 3165 1186 3254 plerasque
1208 3162 1261 3229 el-

144 3264 265 3355 lipseS,
293 3290 381 3354 quae
397 3266 536 3355 quidem
559 3265 630 3335 hoc
653 3269 788 3335 nomine
807 3268 932 3358 dignae
954 3269 1035 3351 sint,
1060 3262 1262 3335 insecundo
1316 3330 1317 3334 ,

144 3377 244 3458 parte
264 3368 419 3454 inveniri,
446 3392 533 3457 quae
557 3378 606 3436 est
629 3369 673 3436 de
696 3371 820 3450 verb03
844 3370 880 3435 in
898 3369 1010 3458 prima
1031 3377 1142 3435 autem
1161 3376 1260 3459 parte

145 3464 320 3540 noniinum
341 3473 476 3562 ellipses
497 3472 677 3564 plerasque
701 3495 833 3557 omneS,
865 3475 996 3564 quippe
1018 3473 1064 3540 ad
1081 3480 1258 3555 trecentas,

144 3575 336 3646 incredibili
360 3575 486 3645 inscitia
510 3586 638 3645 temere
669 3576 763 3646 fictas
794 3598 882 3658 esse;
922 3577 956 3643 in
976 3577 1084 3645 'tertia
1112 3575 1259 3662 deniqne
1301 3620 1307 3642 1

142 3687 260 3769 parte,
287 3703 375 3769 quae
393 3688 443 3748 est
459 3680 503 3747 de
516 3680 705 3772 particulis,
732 3681 883 3773 ellipsin,
908 3680 935 3748 si
955 3687 1144 3765 remeunt,
1170 3699 1259 3766 qnae

143 3804 247 3874 supra
261 3783 517 3875 disputavimuS,
544 3807 614 3852 non
632 3785 773 3874 reperiri
788 3785 903 3853 ullam.

248 3885 388 3957 llicatur
409 3888 523 3978 primo
548 3888 592 3956 de
615 3887 726 3977 ellipsi
750 3889 902 3968 nominis
960 3887 1007 3955 Et
1028 3906 1134 3975 quum
1156 3904 1257 3974 supra

144 3997 314 4058 ostensum
323 3993 384 4076 sit,
410 3990 604 4080 praedicati
617 3991 747 4059 nullam
768 3991 901 4082 ellipsin
915 4013 1002 4076 esse,
1029 3996 1183 4081 apertum
1198 3997 1257 4073 est,

143 4115 234 4182 quae
260 4093 323 4161 sint
351 4094 525 4162 nominum
545 4094 699 4184 ellipses,
726 4118 781 4164 eas
801 4097 836 4163 in
855 4093 1092 4163 hiscetantum
1112 4091 1257 4158 nomini-
1283 4150 1284 4154 ,

142 4196 206 4265 bus
220 4199 354 4284 versari,
380 4220 468 4288 quae
491 4197 560 4264 sive
575 4198 784 4286 substantiva,
809 4200 877 4267 sive
891 4195 1069 4281 adiectiva,
1090 4194 1158 4263 sive
1171 4213 1252 4285 par·
1262 4205 1325 4272 115
1374 4195 1384 4212 ‘

143 4300 262 4392 ticipia
277 4301 356 4390 sint,
380 4301 520 4374 subiecti
530 4301 642 4387 instar,
667 4301 705 4369 id
721 4311 771 4371 est
784 4324 849 4392 pro
863 4299 1079 4387 substantivis,
1104 4298 1256 4369 habean-
