2826 4904
90 268 203 363 'u
376 362 381 372 ,
580 298 861 363 onnusnnro.

170 472 367 564 Heynianae
385 470 532 543 insertas.
582 473 671 542 Nam
694 473 739 542 de
759 474 827 543 illis
847 416 1012 563 Aeschyli
1034 473 1119 545 locis
1144 495 1284 545 accura-

168 611 240 703 tius
255 619 376 705 agetur
399 611 435 678 in
458 609 606 680 editione
625 611 806 704 Aeschyli:
831 634 918 702 quae
935 620 1049 682 autern
1066 612 1111 680 dc
1127 615 1285 682 antistro-

169 749 282 840 phicis
307 746 573 839 disputaveram,
604 748 726 825 rectius
752 749 919 841 explicata
941 759 1016 818 sunt
1046 752 1080 817 in
1100 750 1284 818 Elementis

171 886 330 958 docrinae
354 885 532 955 metricae:
565 866 743 965 Pindarico
772 911 854 957 vcro
880 887 956 975 illa,
990 910 1078 976 quae
1103 888 1171 955 iarn
1195 909 1284 956 nnnc

44 1108 47 1113 ι
170 1025 279 1093 multo
293 1033 450 1116 poteram
473 1023 623 1092 auctiora
646 1024 766 1115 edere,
793 1026 859 1093 alio
877 1035 1049 1116 tempore,
1076 1024 1103 1091 si
1125 1026 1207 1094 illuc
1228 1047 1286 1092 re-

171 1161 244 1230 dire
259 1162 417 1255 licuerit,
458 1162 558 1230 ctiam
582 1163 692 1254 magis
716 1163 868 1254 expolire
892 1163 928 1229 in
959 1163 1071 1229 animo
1096 1170 1154 1231 est.
1205 1162 1285 1229 Dis-

171 1285 387 1367 sertationum
400 1299 683 1368 Academicorum
706 1301 936 1391 perorationes
949 1301 1130 1391 plerasque
1146 1298 1286 1384 resecui,

171 1406 238 1507 una
262 1446 393 1541 tanturn
408 1412 572 1525 ,illerum
608 1446 647 1505 ut
677 1438 835 1528 exemplo
873 1438 983 1505 usitati
1011 1436 1113 1505 moris
1145 1446 1283 1504 servata.

85 1586 88 1590 ’
172 1574 355 1664 Quumque
377 1542 531 1642 orllinem
553 1573 626 1642 fere
646 1583 796 1643 tenerem
813 1597 909 1664 eum,
943 1594 1012 1664 qno
1031 1574 1112 1643 editi
1138 1582 1212 1642 sunt
1232 1574 1284 1641 isti
1393 1602 1396 1621 ·

170 1712 300 1799 libelli,
338 1714 448 1780 visum
475 1721 523 1780 est
554 1711 692 1803 singulis
724 1712 949 1780 voluminibus
981 1712 1081 1781 etiam
1118 1711 1284 1780 orationes
1323 1772 1326 1776 .

172 1858 207 1917 ct
223 1849 390 1934 carmina,
417 1849 444 1918 si
467 1871 560 1937 quae
575 1871 616 1917 eo
637 1856 793 1939 tempore
820 1850 945 1939 scripta
970 1858 1093 1935 essent,
1128 1826 1284 1917 adiicere.

86 1990 89 1997 '
171 1987 274 2058 Cuius
296 1986 428 2055 consilii
446 2007 616 2056 suasorem
637 1961 742 2053 lrabni
761 1986 990 2078 Bottigemm,
1015 1985 1123 2054 virum
1146 1987 1286 2078 elegan-

169 2122 285 2194 tissimi
308 2124 433 2193 indicii.
482 2123 614 2193 ludices
633 2123 742 2193 adieci
763 2124 884 2214 cuique
904 2122 1066 2193 volumini
1086 2147 1199 2192 rerum
1217 2147 1286 2215 po-

78 2348 81 2353 ,
170 2263 388 2348 tissimarnm,
423 2263 709 2363 scriptorumque,
752 2260 796 2329 de
819 2260 939 2350 quibus
963 2268 1049 2330 esset
1070 2261 1285 2352 disputatum.

170 2402 204 2471 A
226 2400 449 2493 typographo
472 2366 754 2491 placatorum,
787 2397 850 2485 nisi
872 2397 994 2483 fallor,
1026 2409 1170 2490 peccatu
1200 2410 1286 2489 sunt,

170 2549 209 2610 ut
229 2563 265 2631 p.
288 2537 349 2607 61.
372 2540 433 2607 ubi
453 2540 542 2633 μέλη
562 2560 627 2626 pro
648 2530 745 2629 μὰλη
762 2534 965 2624 legendum,
1000 2543 1034 2601 et
1057 2558 1093 2624 p.
1121 2535 1207 2603 lor.
1230 2539 1289 2607 ubi

170 2678 207 2746 in
237 2675 352 2767 priore
377 2671 543 2761 Aeschyli
569 2672 650 2739 loco
681 2666 829 2736 delenda
870 2676 920 2736 est
956 2669 1181 2760 interpunctio
1209 2683 1288 2764 post

172 2808 376 2912 ὠμόφρων,
400 2811 436 2878 in
458 2809 565 2882 altero
587 2814 700 2876 autern
725 2803 835 2873 minor
855 2806 1016 2894 ponenda
1036 2815 1115 2896 post
1128 2808 1232 2924 γένῃ.
