2826 4904
183 333 248 400 ms
383 329 441 393 or
469 328 763 436 ruaucmgms
792 274 1072 422 ovrnvsolu

185 523 225 574 ac
247 502 276 572 si
296 500 443 586 dixisset,
477 504 509 575 ai
539 500 688 598 ποτερυὶ
713 492 888 598 πρότεροι
916 496 1005 596 ὑπὲρ
1038 494 1146 596 ὅρκια
1169 493 1294 598 πημή-

160 665 163 669 .
184 631 285 680 octav
293 657 304 696 ‚
329 605 464 673 utinam
485 604 581 672 male
597 610 773 697 pereant,
799 602 903 695 siqui
912 604 1055 696 priores
1060 599 1200 696 foedae
1218 604 1296 672 oio-

184 707 264 777 lent.
314 708 405 776 Hinc
425 729 493 775 non
517 730 610 792 raro,
635 707 693 774 ubi
711 705 798 773 nihil
812 705 883 773 vitii
897 714 965 791 est,
990 705 1098 774 doctis
1121 705 1198 774 viris
1222 715 1296 774 orta

184 791 366 879 dubitatio:
391 820 426 877 ut
442 833 548 900 quum
567 809 773 879 Schaeferus
793 809 828 875 in
848 807 967 876 Melet
986 830 1022 899 p.
1044 804 1130 875 166.
1153 808 1189 875 in
1216 809 1295 879 Ho-

183 913 310 983 merico
334 914 461 1003 hymno
483 912 613 982 Cereris
633 936 665 980 v.
683 911 769 979 274.
790 911 894 979 verba
913 908 1020 1006 ὄργια
1044 904 1294 1006 ὑποθήσομαι,

185 1013 230 1096 oie
246 1013 291 1087 civ
312 1010 401 1109 ἐμόν
419 1008 504 1089 νόον
525 1013 754 1103 ἱλάσκοισθε,
779 1014 980 1082 soloecismo
994 1013 1126 1082 foedari
1140 1015 1294 1104 putabat

185 1117 264 1202 Quo
290 1119 325 1187 in
349 1119 426 1187 loco
448 1120 633 1209 optativus,
667 1140 771 1207 quem
792 1114 901 1186 codex
920 1115 1044 1200 habet,
1077 1125 1227 1185 servatus
1249 1126 1297 1186 est

135 1227 139 1245 ⁴
186 1223 286 1288 etiam
304 1221 481 1306 aWollio,
507 1221 553 1288 ob
574 1219 737 1288 rationem
760 1219 876 1304 illam,
901 1242 1005 1308 quam
1025 1240 1127 1309 supra
1152 1220 1222 1288 iam
1242 1230 1293 1289 te·

183 1321 261 1415 tigi,
286 1325 440 1413 quaeque
456 1323 532 1392 satis
550 1346 591 1392 ex
612 1322 672 1391 tali
688 1322 785 1408 loco,
811 1322 918 1413 qualis
932 1321 992 1394 hic
1010 1330 1060 1390 est
1071 1320 1141 1392 06.
1156 1350 1196 1417 μ.
1211 1320 1293 1393 156.

122 1412 127 1421 ’
184 1426 332 1519 perspici
350 1424 488 1519 poterit:

287 1577 369 1655 ἀλλ’
393 1582 478 1678 ἐρέω
500 1579 567 1672 μὲν
589 1574 700 1675 ἐγών,
727 1585 786 1654 ἵνα
808 1574 943 1662 εἰδότες
960 1576 985 1676 ἤ
1001 1605 1041 1652 aa
1057 1574 1245 1674 θάνωμεν,

287 1682 383 1781 vineo
398 1677 615 1778 ἀλευάμενοι
636 1676 804 1759 θάνατον
823 1683 882 1757 καὶ
898 1683 989 1781 κῆρα
1006 1680 1195 1779 φύγοιμεν.

184 1838 244 1907 816
265 1839 432 1929 optativus
453 1845 545 1904 reete
571 1837 698 1928 positus
722 1849 771 1907 est
791 1838 889 1908 lliad.
909 1865 942 1936 η.
967 1836 1053 1906 342.
1082 1845 1122 1910 6.
1147 1834 1234 1906 261.
1263 1867 1294 1912 a.

185 1938 271 2008 166.
298 1939 384 2009 171.
419 1964 451 2034 ρ.
477 1936 564 2006 646.
591 1938 659 2010 06.
691 1946 727 2033 β.
752 1938 814 2009 53.
841 1966 867 2014 s,
898 1969 930 2014 a.
961 1940 1048 2009 434.
1081 1966 1119 2014 π.
1146 1937 1232 2009 257.
1259 1969 1297 2016 ω.

183 2038 270 2111 532.
321 2044 438 2112 Posset
463 2042 627 2132 optativus
653 2044 752 2111 etiam
787 2043 855 2115 06.
890 2072 915 2116 ι.
941 2041 1028 2113 356.
1065 2071 1096 2116 a.
1121 2041 1207 2116 341.
1234 2043 1298 2112 de-

183 2145 297 2232 fendi,
336 2146 407 2214 ubi.
431 2167 541 2236 nuper
578 2145 788 2215 coniunctivo
834 2147 938 2218 cessit
1005 2146 1154 2216 Defendi
1182 2155 1298 2238 posset

183 2251 285 2319 etiam
306 2275 337 2323 6.
363 2246 450 2316 462.
476 2248 535 2316 ubi
559 2256 672 2317 tamen
698 2272 776 2319 cum
796 2249 984 2322 Schaefero
1010 2251 1054 2318 66
1068 2249 1186 2342 Eurip.
1202 2251 1295 2325 Pors.

181 2375 218 2445 p.
233 2349 319 2420 564.
345 2352 589 2421 coniunctivum
603 2353 813 2443 praeferam,
838 2354 1072 2444 reponendum
1086 2353 1187 2421 etiam
1200 2353 1296 2422 11166.

183 2483 215 2549 y.
242 2452 329 2522 436.
369 2455 528 2546 (fortasse
554 2457 656 2523 etiam
688 2482 715 2528 a.
743 2453 828 2524 215.
855 2479 1061 2545 quamquam
1084 2456 1135 2523 ibi
1159 2454 1297 2526 delendi

182 2566 296 2650 potest
331 2557 516 2648 optativus,
558 2558 586 2624 si
619 2560 716 2626 locus
748 2559 796 2628 sic
824 2559 1047 2651 intelligatur,
1087 2568 1126 2626 ut
1157 2555 1228 2628 06.
1259 2587 1294 2633 π.

184 2660 288 2751 163.)
314 2669 341 2746 ζ.
367 2659 455 2728 432.
488 2689 512 2732 ι.
540 2654 627 2728 245.
653 2659 739 2729 367.
766 2683 805 2753 ψ.
832 2660 920 2730 487.
946 2660 1014 2732 06.
1041 2671 1071 2746 ξ.
1095 2659 1183 2731 183.
1211 2661 1294 2732 184.

185 2764 246 2853 (66
272 2785 342 2850 qno
374 2763 455 2832 loeo
479 2763 547 2831 iam
576 2765 705 2832 monuit
730 2765 933 2833 Schaeferns
968 2766 1013 2833 ad
1046 2764 1164 2856 Eurip.
1201 2766 1294 2835 Pors.

47 2865 50 2869 ’
182 2887 219 2956 p.
235 2861 339 2954 564.)
367 2889 400 2959 ρ.
415 2860 502 2938 256.
554 2864 702 2934 Defendi
726 2868 852 2957 poterit
877 2869 1043 2959 optativus
1073 2868 1175 2936 etiam
1199 2870 1295 2941 lliud.

183 2994 213 3066 η.
242 2965 326 3035 346.
353 2993 384 3037 κ.
411 2966 498 3035 367.
525 2966 594 3036 06.
621 2971 652 3040 6.
679 2965 764 3041 666.
790 2996 821 3067 η.
849 2969 908 3039 33.
942 2998 973 3044 o.
1000 2970 1061 3043 21.
1093 2992 1298 3062 quamquam

47 3111 51 3120 =
181 3092 252 3140 non
276 3069 401 3158 ubique
434 3069 557 3138 eodem
581 3067 697 3138 modo.
758 3071 1000 3142 Defendendns
1032 3071 1165 3142 videtur
1200 3075 1298 3143 etiam

181 3173 278 3243 11166.
305 3193 345 3266 ψ.
370 3170 458 3241 464.
485 3170 553 3246 06.
581 3182 607 3259 ζ.
625 3171 713 3248 286.
739 3184 856 3243 contra
877 3176 1101 3247 Schaeferum
1129 3177 1164 3243 in
1178 3177 1299 3252 Melet

68 3326 71 3331 ·
181 3301 218 3370 p.
257 3274 342 3344 122.
380 3299 405 3344 s.
438 3296 479 3344 ac
512 3278 696 3346 necessario
730 3279 961 3348 defendendus
994 3289 1044 3348 est
1074 3276 1143 3348 06.
1177 3308 1212 3352 α.
1235 3280 1297 3349 47.

183 3403 285 3471 quem
311 3379 428 3447 locum
451 3379 579 3447 ibidem
605 3379 794 3450 sollicitavit
807 3381 1019 3452 Schaeferns.
1071 3379 1199 3451 Contra
1213 3404 1299 3453 con-

136 3480 347 3556 aoiunctivns
371 3492 464 3551 recte
493 3492 574 3572 post
596 3484 795 3575 praeterita,
828 3487 925 3554 certis
957 3482 1097 3574 quidem
1129 3485 1298 3555 conditio-

182 3586 279 3656 nibus
303 3593 499 3675 usurpatur,
530 3594 568 3652 ut
592 3585 691 3654 11166.
717 3589 750 3658 d·
775 3584 861 3655 485.
889 3616 917 3660 6.
944 3585 1030 3656 128.
1055 3613 1086 3661 tt.
1114 3582 1202 3655 225.
1229 3587 1300 3660 06.

143 3720 147 3731 ’
182 3718 216 3784 y.
243 3686 328 3778 326.
380 3687 527 3755 Defendi
551 3697 665 3778 potest
688 3688 785 3758 Iliad.
812 3717 849 3762 π.
876 3690 961 3757 166.
993 3687 1053 3757 sed
1078 3690 1300 3780 praetulerim

182 3801 394 3861 tamencum
421 3789 494 3857 aliis
521 3790 614 3858 libris
639 3792 834 3882 optativum.
871 3793 956 3878 Hic,
982 3790 1119 3883 opinor,
1145 3795 1301 3885 aliquana

183 3894 231 3963 do
256 3893 502 3962 coniunctivum
525 3894 627 3962 etiam
650 3917 691 3963 ex
710 3895 764 3963 his
783 3895 867 3965 locis
890 3896 1051 3988 expellet:
1075 3895 1174 3964 lliad.
1198 3906 1236 3992 β.
1263 3897 1300 3966 4.

183 4001 214 4070 6.
242 3995 328 4064 236.
362 4024 389 4068 a.
415 3990 503 4065 567.
535 4021 565 4068 v.
592 3995 679 4066 646.
714 4007 742 4081 ξ.
770 3994 912 4072 5226.
940 3998 1000 4066 23.
1026 3992 1117 4066 568.
1147 4025 1184 4072 π.
1209 3996 1301 4069 656.
1357 4080 1362 4093 Χ

184 4127 222 4172 6.
247 4094 334 4171 581.
361 4098 429 4168 06.
454 4126 485 4192 y.
513 4097 547 4165 2.
574 4127 598 4169 ι.
626 4099 710 4167 162.
738 4128 768 4172 u.
790 4099 849 4168 24.
876 4128 912 4173 π.
935 4100 1040 4185 366,
1066 4101 1187 4190 quibus
1207 4103 1303 4173 adde

185 4229 211 4273 ι.
227 4199 313 4268 377.
339 4226 370 4274 a.
391 4200 476 4269 348.
502 4226 534 4273 6.
557 4199 643 4274 286.
674 4225 715 4271 ex
740 4203 859 4292 qmbus
881 4204 984 4290 locis,
1010 4225 1157 4298 quorum
1182 4214 1302 4276 emen-

185 4301 356 4374 dationem
387 4313 588 4397 occupatam
619 4303 721 4378 video
753 4329 773 4376 a
799 4328 938 4391 censore
972 4306 1118 4382 Homeri
1145 4307 1304 4381 editionis
