2826 4904
170 329 233 393 ιιι
418 321 595 384 suasu.
627 321 683 381 nn
718 299 1036 381 ιιιίιιιιιιιιιιι

149 496 344 581 sententia,
377 515 445 563 non
468 494 621 585 poeticos
643 493 823 584 oportebit.
874 493 1008 562 Deinde
1020 515 1122 582 quam
1140 491 1214 562 hoc
1236 482 1285 562 est

168 599 384 691 ambignum,
410 598 505 687 qnod
520 619 677 665 numeros
696 598 856 665 oratorios
871 619 942 665 esse
960 597 1099 684 quidem
1113 617 1284 681 numeros,

167 725 285 771 vemm
307 723 376 769 non
394 702 514 791 plane,
547 701 606 768 sed
629 700 870 788 quadamtenus
893 700 1074 769 contendit.
1132 699 1175 767 ld
1203 699 1282 787 qni-

169 805 248 873 dem
270 813 307 871 ut
324 805 406 872 velit
427 803 588 895 intelligi,
627 826 790 891 nusquam
819 804 1027 894 significavit.
1085 801 1172 870 Mox
1199 825 1281 871 vero

167 908 236 975 alio
250 907 357 975 modo
376 908 436 976 sibi
456 916 640 998 repugnat,
666 907 726 974 ubi
746 929 849 995 quum
869 905 1028 976 heroicos
1048 928 1225 990 numeros,
1246 916 1281 975 et

165 1009 347 1095 iambicos,
379 1020 412 1079 et
426 1009 645 1079 trochaicos
635 1033 670 1076 m
687 1032 789 1101 prosa
804 1010 954 1077 oratione
968 1010 1206 1100 improbasset,
1231 1009 1278 1076 ita

166 1113 294 1182 scribit·
322 1119 358 1185 οἱ
373 1113 440 1205 μὲν
458 1110 523 1186 odo
537 1111 640 1186 ἄλλοι
657 1106 718 1185 δια
731 1140 772 1186 τε
788 1140 837 1184 τα
853 1113 1019 1231 εἰρημένα
1037 1109 1200 1206 ἀφετέοι,
1216 1112 1277 1184 ιιαὶ

137 1209 263 1289 {idedu
284 1215 460 1310 μετριιοί
497 1242 516 1287 ο
508 1213 570 1287 ol
585 1240 698 1286 ιιαιαν
712 1215 873 1311 ληπτέος·
901 1208 976 1286 clud
991 1209 1108 1307 μόνον
1123 1207 1194 1336 γαρ
1210 1209 1276 1286 ονίι

165 1319 244 1391 ἔστι
267 1319 404 1412 μέτρον
427 1317 500 1391 τοῖν
522 1318 725 1436 ρἠθέντιον·
760 1315 852 1388 ὥστε
879 1312 1039 1399 μάλιστα
1062 1309 1273 1391 λανθάνειν

164 1420 287 1508 Atqui,
318 1430 356 1486 ut
377 1421 532 1511 paeonici
559 1442 668 1540 ιισηιιο
695 1421 758 1486 sint
782 1419 956 1508 dactylici,
994 1442 1105 1508 neque
1128 1418 1274 1503 iambici,

163 1545 274 1611 neque
297 1522 462 1592 trochaici
487 1523 633 1607 numeri,
668 1532 810 1590 metmm
842 1531 955 1589 tamen
981 1523 1198 1606 constituent,
1241 1529 1276 1588 et

163 1625 302 1715 quidem
324 1627 530 1693 notissimum
546 1633 581 1692 et
599 1625 859 1710 usitatissimum,
891 1634 992 1714 atque
1024 1648 1065 1693 ex
1088 1626 1128 1693 iis
1151 1623 1274 1710 metris,

161 1751 251 1818 quae
270 1729 427 1798 continua
448 1729 672 1820 perpetuitate
695 1729 805 1796 iterari
833 1729 950 1796 solent.
1011 1728 1126 1813 Quare
1143 1728 1274 1796 Demo-

162 1831 288 1900 sthenis
302 1832 411 1917 illud,
442 1838 519 1911 τοῖς
533 1838 632 1913 θεοῖς
646 1830 800 1924 εὔχομαι
816 1831 906 1903 σοῖσι
928 1831 989 1904 ιιαὶ
1002 1825 1148 1920 πάσαις,
1175 1851 1272 1900 οοιιι·

160 1943 318 2025 paratum
334 1943 386 2003 est
407 1959 427 2001 a
446 1935 609 2022 Dionysio
637 1934 920 2005 Halicamassensi
940 1959 975 2026 p.
999 1933 1085 2003 238.
1108 1956 1189 2005 cum
1203 1934 1273 2004 hoc

159 2059 275 2123 versu,

261 2171 436 2274 Κρησίοις
450 2176 488 2247 ἒν
504 2178 661 2271 ῥυθμοῖς
675 2176 788 2247 παῖδα
802 2166 1041 2270 μελψοῖμεθα.

156 2313 208 2380 Ita
232 2311 292 2381 hic
310 2333 422 2379 versus
440 2310 605 2402 legendus
624 2311 775 2397 videtur,
801 2334 887 2396 non,

258 2446 435 2548 Κρησίοις
449 2450 487 2521 ἐν
499 2453 656 2545 ῥυθμοῖς
669 2452 782 2566 παῖδα
795 2449 1002 2542 μέλψωμεν.

156 2586 265 2657 Addit
285 2587 372 2655 enim
395 2585 591 2674 Dionysius,
626 2586 688 2666 ἔξω
717 2578 786 2680 γαρ
815 2582 883 2657 τοῦ
908 2577 1121 2656 τελευταῖον
1145 2574 1267 2668 ποδός,

157 2683 206 2762 τοί
227 2717 267 2782 με
292 2686 383 2761 ἄλλα
397 2692 435 2760 ε’ν
457 2687 567 2758 σοῖσιν
582 2687 644 2758 ἴσα
662 2683 825 2783 ὥρισται.
877 2687 994 2774 ltaque
1011 2684 1039 2752 si
1055 2693 1134 2751 nota
1151 2693 1185 2751 et
1200 2684 1268 2750 usi-

155 2799 226 2858 tata
245 2799 352 2857 metra
374 2790 410 2855 in
436 2811 539 2880 prosa
559 2789 709 2855 oratioue
735 2789 871 2857 vitanda
898 2797 992 2873 sunt,
1025 2786 1269 2854 laudatissimus

154 2893 212 2960 ille
228 2891 466 2960 Demosthenis
489 2891 586 2959 locus
603 2913 671 2958 non
690 2893 798 2960 minus
819 2890 1024 2984 reprehendi
1041 2890 1201 2974 debebit,
1227 2913 1268 2960 ac

153 2996 181 3064 si
194 3017 327 3064 versum
343 2994 520 3063 heroicum
533 2993 726 3063 admisisset.
776 2995 933 3063 Fortasse
947 3004 1060 3062 tamen
1070 2993 1268 3062 Aristoteles

152 3122 222 3168 nou
240 3099 348 3169 voluit
364 3098 490 3189 ped'em
513 3119 681 3187 paeonem
695 3100 843 3189 primum
863 3099 918 3167 vel
941 3107 1096 3186 quartum
1110 3105 1267 3168 constan-

150 3212 203 3272 ter
218 3204 357 3290 servari,
382 3211 420 3271 ut
433 3210 483 3270 est
503 3201 537 3267 in
549 3202 728 3296 exemplis,
754 3203 874 3292 quibus
892 3201 1012 3288 utitur,

254 3333 480 3435 χροσεοιιόμα
496 3345 600 3414 ἔναιε
608 3395 623 3429 ,
650 3346 719 3412 παῖ
736 3334 853 3430 Διός,
1034 3419 1037 3426 ,

252 3435 350 3534 μειοῖ
379 3444 416 3514 δὲ
436 3443 503 3535 γαῖν
523 3436 641 3516 ὕδατα
661 3439 701 3515 τ’
724 3437 877 3538 ἠφάνισε
901 3437 983 3532 νύξ,

76 3667 81 3676 .
150 3580 212 3650 sed
225 3570 346 3647 mixtos
359 3579 444 3647 iuter
459 3602 511 3667 se,
537 3579 583 3646 ita
600 3579 687 3646 utin
703 3580 826 3647 eodem
841 3581 996 3648 membro
1011 3587 1152 3664 uterque
1168 3583 1264 3658 esset,

149 3682 359 3774 usurpandos
391 3683 527 3753 censuit.
562 3682 615 3750 Ita
630 3691 721 3752 certe
734 3693 880 3751 mentem
896 3684 968 3751 eius
987 3683 1116 3771 cepisse
1130 3679 1265 3746 videtur

147 3785 338 3856 Demetrius
356 3794 436 3855 sect.
467 3785 656 3854 XXXVIII.
680 3787 851 3870 XXXIX,
877 3788 935 3874 qui
962 3785 1032 3855 hoc
1067 3783 1262 3873 exemplum

149 3915 169 3958 e
190 3889 397 3978 Thucydide
419 3886 534 3956 affert:
565 3886 700 3985 ἤρξατο
727 3889 764 3963 δὲ
786 3883 832 3962 vd
852 3883 963 3963 ιιαιιόν
987 3894 1024 3971 ἐξ
1045 3883 1260 3966 Αἰθιοπίας·

146 3994 269 4062 Paullo
285 3993 425 4084 propius
444 4016 561 4061 vemm
576 3994 751 4061 accessisse
763 3993 896 4060 videtur
913 3993 1109 4084 Longinus:
1139 4013 1261 4079 quam·

5 4176 8 4181 ¹
147 4119 250 4185 qnam
267 4095 326 4166 hic
347 4119 484 4187 quoque
498 4097 545 4163 ita
558 4096 723 4187 perplexe
740 4096 907 4186 loquitur,
932 4108 969 4164 ut
990 4098 1100 4187 magis
1113 4091 1265 4163 obscuro

31 4238 32 4244 κ
147 4198 297 4288 quodam
332 4223 445 4285 sensu,
489 4221 589 4289 qnam
621 4199 713 4268 clara
739 4200 963 4294 intelligentia
996 4223 1070 4268 rem
1106 4199 1261 4267 videatur

147 4301 449 4394 comprehendisse
509 4300 746 4375 Demosthenis
772 4306 866 4374 locus
892 4315 942 4375 est
962 4303 1034 4374 hic:
1067 4302 1182 4379 τοῦτο
1215 4306 1261 4378 νεῖ
