2826 4904
116 241 183 306 mo
328 216 387 300 on
412 234 613 298 canmco
642 235 688 296 m
708 230 1017 295 nonannonvn

118 431 227 503 quarn
242 409 384 495 leniter,
409 430 516 503 quam
527 407 688 494 remisse,
713 429 822 499 quum
841 427 911 476 non
925 412 1079 475 actuose.
1112 402 1229 475 Instat

117 536 260 690 mm'o
276 627 434 714 pater,
460 621 681 716 epatris,
707 640 728 689 o
752 617 929 688 Priami
953 615 1125 702 domus,

118 757 155 828 in
174 779 241 850 quo
256 764 359 825 touta
381 758 590 828 commoveri
613 757 707 826 actio
729 778 798 824 non
813 762 952 847 posset,
977 753 1010 822 si
1032 761 1123 823 esset
1145 776 1228 825 cou-

118 868 260 952 sumpta
275 860 456 951 superiore
471 869 567 930 nrotu
586 866 621 929 et
645 859 829 928 exhausta
880 859 926 925 At
944 857 1063 926 licebit
1077 879 1229 943 monere,

119 987 222 1055 agere
243 972 392 1032 actorem
414 964 482 1032 dici
510 964 609 1032 etiam
639 986 698 1047 ea,
737 982 923 1052 quaecum
947 968 1043 1027 mata
1063 950 1229 1053 gestaque

119 1066 232 1155 aliquo
252 1066 459 1155 pronunciat.
515 1065 698 1133 Diomedes
726 1087 762 1155 p.
782 1062 870 1131 488.
893 1084 979 1131 uam
1004 1070 1038 1130 et
1059 1085 1085 1131 u
1091 1064 1146 1155 gi
1158 1062 1228 1157 sa—

119 1166 223 1253 buia,
258 1190 327 1235 non
348 1166 526 1263 referri
546 1167 593 1237 ab
617 1168 794 1237 actoribus
816 1166 954 1234 dicitur.
1006 1166 1062 1234 An
1083 1165 1229 1256 denique

119 1270 189 1341 hoc
211 1271 363 1362 proferet
393 1293 434 1337 ex
454 1271 482 1338 1.
506 1270 550 1339 de
578 1294 626 1338 or.
650 1269 710 1339 60.
735 1266 821 1337 254.
849 1269 938 1338 solet
959 1267 1058 1337 idem
1079 1268 1230 1338 Roscius

119 1375 258 1457 dicere,
283 1395 340 1457 se,
366 1395 433 1464 quo
440 1374 526 1465 ptus
539 1372 606 1441 sibi
622 1375 750 1441 aetatis
765 1372 968 1456 accederet,
994 1392 1035 1440 eo
1051 1371 1230 1441 tardiores

75 1475 271 1547 lutitianis
284 1474 408 1543 modos
423 1483 457 1543 et
473 1477 819 1545 cantusremissiores
835 1472 1117 1566 essesucturum.
1143 1473 1229 1567 Cum

119 1602 188 1670 quo
204 1582 283 1648 loco
299 1578 381 1645 alios
399 1578 555 1671 congruit
566 1578 611 1648 de
633 1579 729 1671 legg.
754 1576 830 1646 1.4.
847 1575 907 1644 11.
933 1577 1230 1669 quenmdnmdum

120 1684 287 1767 Roscius,
303 1680 506 1775 familiaris
521 1688 619 1767 tuus,
645 1682 681 1749 in
696 1687 870 1751 senectute
890 1702 1053 1749 numeros
1074 1681 1111 1748 iu
1126 1674 1230 1750 cama

45 1878 48 1883 Ι
121 1786 292 1855 teniverat
309 1784 372 1874 (sic
384 1784 522 1852 fortasse
539 1807 604 1875 pro
622 1785 798 1853 cecinerat
814 1782 1098 1875 scribendum*))
1116 1784 1229 1876 ipsas

122 1910 189 1980 que
208 1885 387 1954 tardiores
395 1885 543 1977 fecerat
559 1886 673 1956 tibias.
725 1888 823 1957 Haec
836 1908 917 1953 vero
937 1910 1052 1977 perse
1070 1888 1142 1955 sola
1164 1908 1230 1954 non

120 1990 264 2059 multum
281 1989 467 2082 probatura
491 1999 614 2075 essent,
653 2012 757 2080 quum
786 2012 896 2078 neque
915 1998 1033 2087 aperte
1055 1988 1230 2073 indicetur,

121 2093 277 2164 cecinisse
303 2094 420 2178 alium,
455 2115 558 2181 quam
581 2093 692 2184 ipsum
717 2092 931 2177 histrionem,
965 2115 1095 2183 neque,
1136 2092 1164 2160 si
1187 2093 1230 2159 ita

27 2258 31 2265 .
119 2197 332 2282 factumest,
356 2218 425 2263 nan
439 2196 546 2288 egisse
562 2219 639 2265 eum
658 2196 810 2264 diverbia
822 2204 993 2285 appareat.
1045 2194 1118 2264 Sed
1134 2217 1230 2265 acce-

121 2300 171 2367 dit
188 2301 327 2368 fortasse
345 2299 473 2388 aliquid
488 2299 648 2390 ponderis
669 2321 710 2367 ex
733 2297 787 2366 his
809 2298 901 2368 locis.
953 2298 996 2365 T.
1019 2297 1135 2366 Livius
1158 2297 1229 2366 vll.

121 2402 156 2470 2.
184 2404 305 2472 Liuius
319 2409 404 2494 post
425 2403 559 2494 aliquot
582 2423 710 2489 anuos,
743 2401 804 2495 qui
826 2400 873 2477 ab
895 2400 1029 2469 saturis
1053 2423 1161 2471 austu
1183 2407 1231 2469 est

114 2507 257 2599 nmmos
278 2512 490 2599 argumento
509 2503 683 2598 subulam
703 2526 838 2590 serere,
872 2501 985 2593 (idem
1008 2504 1160 2590 scilicet,
1192 2503 1231 2571 id

121 2608 218 2700 meod
233 2629 350 2676 omnes
374 2615 448 2674 tum
465 2616 584 2693 erant,
608 2629 752 2676 suorum
778 2606 975 2677 carminum
994 2613 1113 2705 actor)
1142 2605 1229 2674 dici-

20 2722 23 2727 ’
121 2719 198 2795 tur,
232 2733 340 2802 quum
359 2711 502 2801 saepius
524 2718 709 2778 reuocatus
735 2732 857 2780 vocem
887 2707 1096 2795 obtudisset,
1130 2708 1230 2778 varia

118 2813 235 2904 petitu
252 2833 408 2904 puerum
431 2812 484 2879 ud
508 2813 708 2880 canendum
732 2820 815 2881 unte
838 2810 1013 2880 tibicinem
1035 2834 1144 2903 quum
1158 2818 1231 2881 sta-

123 2914 261 2999 tuisset,
288 2913 463 2981 canticum
483 2914 599 3005 egisse
617 2915 799 3005 aliquanto
819 2916 941 3007 magis
962 2915 1100 3006 vigenti
1128 2921 1232 2998 nutu,

123 3018 208 3111 moia
226 3017 315 3086 nihil
329 3017 425 3084 vocis
439 3037 523 3085 usus
542 3015 776 3108 impediebat:
800 3016 885 3086 inde
906 3016 959 3085 ud
977 3039 1123 3087 manum
1147 3040 1230 3085 cun-

122 3123 196 3190 tari
219 3118 441 3190 histrionibus
465 3125 642 3217 coeptum,
668 3119 897 3213 diverbiaque
918 3127 1057 3188 tantum
1078 3121 1233 3213 iqrsmum

122 3225 200 3293 uoci
214 3224 351 3293 relicta.
403 3222 557 3290 Valerius
581 3221 749 3292 Maximus
771 3225 814 3291 ss.
837 3222 881 3308 4,
905 3222 939 3289 3.
963 3222 1007 3291 de
1027 3223 1151 3291 eodem
1172 3222 1232 3289 Li-

121 3328 196 3395 vio:
221 3328 318 3419 isque
328 3327 384 3395 sui
400 3328 516 3417 operis
531 3334 642 3411 actor,
668 3349 775 3418 quum
788 3327 932 3417 saepius
947 3349 972 3392 a
982 3327 1115 3417 populo
1131 3347 1232 3394 revo-

123 3541 242 3617 centu,
286 3531 592 3624 gesticulationem
623 3533 752 3600 tacitus
775 3532 933 3624 peregit.
992 3532 1160 3599 Lucianus
1190 3530 1234 3598 de

123 3636 296 3704 saltatione
318 3656 347 3703 c.
364 3632 424 3700 30.
447 3633 491 3702 Τ.
508 3633 551 3702 11.
573 3655 609 3724 p.
628 3632 713 3703 286.
734 3628 847 3707 πάλαι
862 3634 931 3726 μὲν
951 3626 1020 3731 yoio
1044 3631 1152 3707 circi
1175 3631 1232 3706 uui

164 3971 193 4043 *)
214 3967 349 4029 Muretus
371 3969 461 4045 (orat.
485 3973 536 4036 19.
558 3971 620 4031 vol.
647 3971 687 4041 11,
716 3992 747 4052 p.
769 3970 859 4053 885.)
891 3973 921 4031 in
949 3971 1092 4029 Cicerone
1121 3970 1209 4047 leger:

123 4051 291 4123 inciderat,
316 4054 399 4134 quod
418 4076 481 4114 non
501 4056 705 4136 probaverim.
734 4057 831 4117 Multo
853 4057 949 4116 minus
971 4054 1128 4132 ceciderat,
1152 4075 1204 4135 qut

123 4137 209 4195 multi
238 4137 307 4198 libri
334 4138 462 4216 habent,
490 4149 525 4199 ut
553 4141 587 4199 id
613 4143 652 4203 sit
679 4163 697 4202 a
725 4141 830 4203 cadere
856 4142 986 4218 dictum,
1021 4141 1094 4201 terri
1123 4150 1194 4221 pote

122 4221 231 4284 Melius
254 4223 604 4288 conveniret'iuoiderat.
724 4260 728 4267 ·
