2826 4904
158 307 221 407 ’1ξο
510 300 922 363 OBSERVATIONES

157 477 314 545 historiae
333 474 616 566 pervestigatione
638 495 724 564 opus
747 481 806 541 est.
865 472 1025 541 Nondum
1048 469 1186 558 exstitit,
1213 471 1270 561 qui

26 576 30 581 ’
159 581 313 649 Graecae
325 580 462 671 linguae
484 578 649 646 dialectos
669 598 711 643 eo
732 575 862 661 studio,
887 597 956 665 quo
976 575 1137 661 decebat,
1163 574 1271 665 expli-

157 692 267 769 caret,
305 691 441 774 praeter
467 682 514 748 H.
536 679 766 770 Stephanum,
796 680 856 767 qui
884 679 1022 768 quidem
1047 678 1111 745 soli
1139 677 1271 748 Atticm

158 787 305 855 dialecto
327 807 467 876 operam
491 782 665 867 adhibuit,
691 781 751 849 sed
773 804 848 849 eam
870 790 960 850 tanta
982 804 1061 850 cum
1074 803 1173 865 cura,
1197 789 1270 848 tan-

156 899 260 977 taque
281 909 359 956 curn
380 886 583 971 eruditione,
616 895 653 952 ut
677 884 762 951 nihil
783 894 920 975 postea,
949 884 1044 974 quod
1058 882 1217 953 cum-illo
1230 883 1270 950 li-

156 992 221 1059 bro
244 991 433 1081 comparari
455 997 585 1079 posset,
611 988 645 1054 in
664 985 734 1058 hoc
756 1009 881 1078 genere
896 987 1024 1056 editum
1040 988 1089 1055 sit.
1141 986 1271 1071 Quam·

156 1117 259 1185 quam
273 1117 359 1183 quae
378 1093 438 1161 hic
453 1092 603 1184 scripsit,
627 1112 696 1158 non
712 1091 830 1159 leviter
853 1100 952 1158 aucta
973 1102 1048 1159 sunt
1060 1112 1168 1180 quum
1186 1089 1271 1158 alio-

155 1221 250 1281 rum,
280 1206 352 1264 tum
373 1195 519 1264 Dawesii
539 1194 732 1285 diligentia:
765 1193 858 1261 cuius
886 1193 1062 1284 verstigia,
1094 1192 1156 1260 sed
1176 1192 1271 1262 trimis

129 1299 331 1390 slr‘eligiose,
359 1307 500 1366 sectatus
517 1307 567 1364 est
579 1295 785 1364 Brunclrius:
810 1304 923 1363 nostra
938 1305 1049 1364 autem
1064 1304 1174 1363 aetate
1192 1295 1271 1386 plu-

157 1404 258 1472 rimas
280 1402 421 1472 contulit
432 1410 545 1488 'atque
573 1401 730 1490 egregias
756 1399 1003 1470 observationes
1026 1399 1071 1471 R.
1093 1400 1270 1468 Porsonos.

157 1505 317 1593 Reliquas
339 1504 501 1572 dialectos
526 1504 586 1591 qui
611 1511 765 1570 accurate
788 1512 1061 1592 persequeretur,
1096 1523 1198 1570 nemo
1222 1501 1272 1568 in-

156 1618 273 1677 rentus
294 1617 352 1675 est
411 1608 499 1674 Nam
520 1614 654 1696 praeter
673 1604 835 1694 quasdam
854 1604 1099 1672 Hemsterhusii
1118 1614 1153 1685 ‚ct
1166 1603 1271 1673 valc-

156 1711 283 1780 kenarii
299 1709 548 1794 adnotationeS,
573 1708 723 1776 Koenius
737 1706 781 1774 ad
800 1707 961 1798 Gregorii
978 1707 1151 1792 libellum,
1176 1729 1272 1776 more

118 1840 121 1849 ’
155 1815 266 1906 gentis
285 1836 384 1897 suae,
409 1812 531 1879 multas
546 1810 709 1878 formulas
727 1832 913 1902 congerere
932 1812 1009 1878 satis
1028 1809 1166 1894 habuit,
1189 1809 1272 1877 nihil

156 1916 345 2007 generatim
371 1914 551 1993 disserens3
592 1913 793 1982 Maittairius
824 1923 937 1981 autem
965 1934 1110 2004 operoso
1139 1913 1272 1997 labore,

156 2017 221 2087 sed
237 2018 308 2085 sine
323 2016 467 2103 iudicio,
492 2016 685 2107 promiscue
698 2017 789 2083 bona
807 2018 897 2083 mala
912 2016 1064 2108 collegit.

260 2120 329 2205 Qui
350 2119 395 2187 de
413 2120 567 2189 Graecae
583 2118 721 2210 liuguae
744 2118 893 2187 dialectis
913 2119 1027 2189 dicere
1048 2118 1270 2202 instituebant,
1337 2168 1340 2175 -

154 2224 284 2292 initium
306 2223 558 2313 disputationis,
589 2245 666 2290 mea
688 2222 865 2308 sententia,
900 2223 944 2290 ab
968 2246 1008 2291 ea
1030 2222 1149 2315 lingua
1170 2229 1270 2312 repe-

154 2337 226 2396 tere
240 2326 431 2410 debebant,
457 2348 499 2393 ex
512 2348 581 2414 qua
602 2326 684 2392 istae
701 2325 925 2410 diversitates,
952 2349 1039 2414 quae
1054 2325 1193 2396 dialecti
1207 2347 1268 2393 vo-

155 2440 289 2514 cantur,
317 2438 410 2497 ortae
426 2439 509 2496 sunt
559 2427 741 2498 Enimvero
759 2429 867 2517 qualis
881 2428 983 2496 fuerit
995 2429 1056 2496 ista
1076 2429 1196 2520 lingua
1212 2451 1270 2495 ne-

155 2534 284 2604 scimus.
336 2531 479 2600 Fateor:
507 2541 736 2599 verumtamen
762 2531 897 2618 formis,
923 2532 1045 2621 quibus
1065 2531 1204 2601 dialecti
1219 2532 1271 2599 in-

155 2644 207 2703 ter
219 2658 255 2703 se
273 2633 449 2720 differunt,
477 2633 677 2722 colligendis
695 2643 728 2700 et
744 2634 979 2725 comparandis
999 2656 1067 2703 non
1081 2634 1188 2702 modo
1202 2632 1279 2702 hoc.
1324 2632 1331 2663 ¹

157 2737 322 2821 efficitur,
348 2746 406 2822 ut,
433 2758 520 2823 quae
534 2735 597 2801 sint
613 2736 831 2824 antiquiores,
859 2761 947 2827 quae
962 2738 1180 2822 recentiores,
1208 2761 1269 2828 ap-

155 2848 290 2931 pareat,
315 2838 376 2905 sed
393 2839 492 2905 etiam
508 2839 593 2904 ratio
608 2838 820 2929 intelligitur,
846 2863 915 2930 qua
930 2864 1084 2931 quaeque
1107 2841 1269 2910 dialectos

155 2944 192 3009 irr
209 2939 376 3008 mutandis
398 2943 580 3009 verborum
601 2940 717 3008 formis
737 2964 798 3009 usa
818 2943 869 3009 sit.
927 2945 986 3013 Sic
1010 2965 1091 3013 vero
1115 2967 1158 3013 ea
1181 2965 1268 3033 quo-

155 3067 240 3133 que,
266 3066 352 3133 qnae
368 3044 479 3134 prima
497 3043 611 3134 specie
625 3044 714 3112 levia
735 3035 806 3113 esse
828 3046 1000 3135 ridentur,
1026 3047 1157 3115 idoneis
1177 3042 1280 3114 indi-'

88 3178 91 3185 ·
155 3148 233 3232 ciis,
258 3147 341 3236 quid
359 3147 618 3235 antiquissimum
639 3147 759 3235 fuerit,
786 3149 947 3239 aperiunt.
997 3152 1058 3219 Est
1081 3158 1195 3219 autem
1217 3149 1284 3216 in·-

154 3251 288 3319 terdum
312 3271 380 3318 non
401 3251 496 3341 parri
520 3251 701 3340 momenti,
735 3251 838 3338 scire,
863 3252 947 3342 quid
972 3274 1150 3322 commune
1167 3251 1268 3321 fuerit

155 3355 310 3422 Graecae
326 3355 486 3446 liuguae,
512 3362 690 3443 antequam
710 3363 903 3446 temporum
919 3357 1144 3447 locorumque
1156 3364 1269 3423 muta-

153 3457 299 3524 tionibus
321 3457 355 3523 in
383 3459 490 3526 varias
512 3457 638 3526 formas
662 3457 907 3526 distraheretur.
976 3458 1123 3529 Celebre
1152 3480 1267 3528 exem-

153 3560 252 3650 plum
273 3559 470 3646 afferamus,
507 3560 680 3652 digamma
699 3561 897 3649 Aeolicum,
931 3561 1027 3652 quod
1048 3562 1106 3630 alii
1132 3563 1170 3630 in
1189 3562 1268 3631 Ho-

154 3664 238 3732 meri
253 3662 462 3752 Hesiodiqne
475 3665 605 3755 scriptis
619 3673 816 3754 usurpatum
828 3667 1052 3759 contendunt,
1078 3665 1137 3733 alii
1151 3665 1196 3734 ab
1215 3663 1267 3732 lris

154 3767 371 3857 scriptoribus
391 3767 591 3838 abiudicant
650 3765 842 3854 Abhorret,
872 3769 1025 3858 inquiunt
1044 3768 1097 3855 hi,
1123 3769 1166 3836 ab
1189 3768 1268 3837 Ho-

154 3891 265 3955 mero,
301 3871 463 3960 scriptore
486 3872 623 3956 lonico,
655 3871 819 3939 Aeolicae
843 3872 974 3940 litterae
999 3895 1087 3940 usus.
1145 3870 1188 3938 ld
1209 3871 1268 3960 qui

154 3973 281 4063 primus
305 3972 406 4059 dixit,
431 3996 496 4064 per
517 3975 646 4060 iocum,
678 3975 819 4064 opinor,
855 3975 954 4045 dixit:
978 3976 1038 4044 sed
1056 3976 1269 4066 arripuerunt

154 4076 224 4160 alii,
248 4085 281 4143 et
295 4078 350 4147 vel
362 4077 519 4146 conviciis
532 4100 598 4168 pro
613 4101 654 4145 ea
666 4077 825 4167 opinione
837 4088 1000 4170 pugnant.
1053 4078 1149 4164 Quid
1161 4075 1270 4146 vero?

155 4177 275 4246 Multis
296 4182 500 4271 argumentis
521 4180 750 4272 cognoscitur,
775 4181 838 4249 ista
860 4183 969 4253 littera
989 4204 1058 4251 non
1080 4182 1171 4251 solos
1190 4201 1268 4250 usos

156 4284 236 4349 esse'
250 4282 452 4373 Aeolenses,
478 4284 538 4354 sed
566 4285 744 4354 Dorienses
764 4306 898 4374 omnes,
924 4297 958 4356 et
977 4309 1047 4356 esse
1062 4285 1155 4360 hunc
1171 4306 1269 4356 usum
