2826 4904
500 317 894 387 GENERIBVS.
1206 320 1249 384 25

137 484 192 543 tur
204 481 316 544 autern
328 475 470 567 pulcrae
492 483 580 543 artes
600 475 756 560 materia,
779 475 814 544 in
835 498 904 565 qua
916 475 980 544 ista
994 474 1123 544 consilii
1138 476 1250 545 cuius·

138 579 219 647 dam
241 581 370 669 species
391 580 604 670 exprimatur.
655 579 807 662 Quarum
829 581 880 665 ei,
904 601 992 667 quae
1012 579 1047 646 in
1068 579 1249 669 cogitatio·
1334 656 1339 666 ¹

137 704 220 750 num
233 691 315 772 apta
328 690 363 750 ct
383 691 591 774 congruente
614 682 856 772 compositione
871 691 1035 768 versatur,
1061 705 1083 751 a
1103 681 1249 752 dicendo

138 784 318 870 Germani,
343 786 456 852 nescio
479 808 523 853 an
542 784 651 869 male,
676 806 801 854 nomen
822 785 982 853 fecerunt
1019 786 1122 853 Nam
1144 807 1250 872 quum

56 934 61 941 -
138 887 268 978 duplex
280 888 322 954 sit
336 888 395 955 illa
410 911 472 972 ars,
488 897 589 978 prout
604 897 661 955 aut
675 889 772 959 unice
785 888 1010 978 pulcritudine
1018 897 1179 972 censetur,
1193 895 1251 954 aut

136 1000 273 1081 praeter
282 989 482 1062 hancetiam
493 989 538 1058 ad
547 990 722 1058 utilitatem
735 1000 875 1080 spectat,
887 992 1034 1081 primum
1049 1013 1154 1082 genus
1161 1012 1251 1082 poe·

102 1180 106 1190 ⁸
136 1092 203 1178 sin,
230 1093 373 1161 altemm
394 1094 619 1182 eloquentiam
644 1094 868 1184 appellarunt
919 1093 1052 1178 Quodsi
1072 1116 1251 1164 commune

135 1217 261 1264 nomen
281 1197 504 1285 quaerebant,
529 1219 598 1285 quo
621 1205 798 1285 utrumqne
820 1220 925 1288 genus
949 1196 994 1265 ad
1014 1197 1149 1287 pulcras
1165 1204 1252 1264 artes

135 1294 336 1385 retentetur,
359 1322 503 1390 poeseos
526 1300 731 1380 vocabulum
754 1299 986 1368 adhibendum
1008 1308 1094 1384 erat,
1119 1299 1251 1388 quippe

137 1400 226 1472 hacc
240 1403 315 1493 ipsa
328 1397 516 1487 continens,
542 1403 661 1492 quibus
672 1403 808 1493 quaevis
820 1402 956 1473 dicendi
967 1403 1052 1472 ratio
1064 1403 1098 1469 in
1109 1403 1250 1495 pulcrae

137 1505 216 1572 artis
241 1506 401 1596 operibus
422 1507 590 1574 numerari
608 1516 718 1595 queat
769 1504 921 1576 Oratoris
946 1506 1035 1574 enim
1051 1528 1104 1574 ars
1115 1514 1250 1573 eatenus

136 1615 267 1676 tautum
286 1609 331 1676 ad
351 1610 486 1701 pulcras
504 1619 590 1677 artes
613 1611 776 1701 pertinet,
807 1618 969 1697 quatenus
988 1609 1062 1676 sola
1084 1608 1251 1699 pulcritu-

137 1709 217 1778 dine
229 1712 429 1798 aestimatnr,
444 1735 533 1801 quae
549 1734 692 1803 poeseos
706 1721 755 1780 est
767 1721 899 1793 natura3
913 1712 973 1780 ubi
985 1704 1098 1785 autem
1111 1717 1253 1802 persua!

137 1811 241 1882 dendi
256 1815 447 1901 consilium,
473 1825 812 1906 argumentorumque
829 1816 879 1882 ris
895 1823 930 1883 et
946 1815 1081 1906 pondus
1094 1823 1252 1905 spectau-

136 1924 209 2002 tur,
233 1918 269 1984 in
283 1919 416 1989 illarum
430 1941 571 1986 numero
594 1919 714 1986 artium
726 1917 888 2009 ponenda
901 1927 964 2004 est,
989 1940 1079 2008 quae
1091 1919 1174 1986 certi
1189 1939 1249 1987 cu-

136 2019 357 2088 iusdamfinis
378 2022 619 2113 cogitationem
631 2023 813 2111 requirunt.
844 2023 965 2113 ltaque
985 2024 1044 2112 qui
1067 2030 1192 2111 poetae
1216 2028 1251 2088 et

137 2126 280 2197 oratoris
305 2135 411 2192 artem
427 2127 525 2194 unius
539 2125 712 2196 cuiusdam
730 2125 872 2214 pulcrae
898 2126 975 2194 artis
996 2125 1131 2193 nomine
1153 2145 1249 2192 com-

135 2224 349 2315 plectuutm,
368 2227 494 2316 pariter
506 2229 542 2294 in
555 2229 690 2317 generis
709 2227 903 2294 definitione
913 2226 1070 2295 videntur
1081 2247 1203 2310 errare,
1218 2233 1252 2292 et

135 2325 337 2393 divisionem
353 2327 446 2394 male
462 2328 647 2395 instituisse
692 2328 782 2394 Nam
799 2336 842 2396 et,
854 2330 995 2418 pulcrae
1007 2330 1086 2397 artis
1101 2328 1251 2398 vocabu-

134 2429 209 2495 lum
229 2429 369 2515 latiore,
393 2415 497 2517 quam
514 2431 613 2514 licet,
636 2429 826 2520 significatu
843 2439 991 2516 sumunt,
1025 2431 1252 2519 eloquentiam

136 2532 391 2618 eoreferentcs,
417 2542 451 2601 et
472 2532 593 2624 poesin
611 2540 683 2599 tum
701 2554 724 2598 a
735 2532 862 2599 maiore
874 2533 1036 2618 blame,
1061 2556 1150 2622 quae
1165 2531 1252 2600 nihil

136 2634 231 2702 aliud
248 2657 351 2723 qnam
362 2635 438 2725 ipsa
456 2636 568 2725 poesis
590 2643 658 2719 est,
683 2633 906 2725 distinguunt,
931 2645 1003 2703 tum
1023 2636 1068 2704 ab
1087 2636 1251 2724 eloquen—

135 2739 201 2822 tia,
232 2760 321 2826 quae
347 2739 459 2830 poesis
480 2747 529 2806 est
549 2737 608 2804 alii
629 2737 691 2804 arti
715 2736 921 2824 adhaerens,
952 2738 1056 2830 plane
1083 2738 1251 2807 diversam

135 2840 320 2930 quamdam
330 2850 438 2909 artem
453 2864 524 2909 esse
534 2841 727 2908 existimant
775 2840 1006 2924 Quamobrem
1018 2842 1140 2910 rectius
1152 2843 1251 2911 vide-

134 2945 268 3011 murita
284 2953 439 3028 statuere,
460 2967 537 3011 cam
550 2942 596 3010 dc
610 2943 737 3032 pulcris
753 2945 888 3029 artibus,
907 2969 995 3034 quae
1008 2945 1252 3036 cogitationum

135 3055 216 3135 apta
230 3047 475 3138 compositione
488 3047 693 3130 continetur,
709 3046 830 3137 poesin
844 3071 934 3134 esse,
957 3070 1119 3136 eamque,
1144 3071 1252 3137 quum

135 3151 280 3217 orationi
300 3159 431 3218 certum
453 3149 636 3238 quemdam
653 3149 756 3217 finem
778 3147 918 3219 habenti
939 3151 1150 3240 adiungitur,
1175 3151 1252 3217 elo·
1350 3229 1352 3234 Ι

133 3254 308 3340 quentiam
317 3253 441 3321 vocari.
472 3253 581 3344 Igitur
595 3251 786 3339 eloquentia
797 3273 862 3341 per
875 3276 912 3321 se
928 3276 998 3321 non
1010 3262 1060 3320 est
1075 3254 1111 3318 in
1124 3252 1251 3342 pulcris

135 3356 261 3424 artibus
280 3355 506 3440 numeranda,
536 3354 598 3422 sed
616 3352 722 3420 omnis
736 3353 912 3422 rhetorum
926 3355 1103 3446 disciplina
1117 3354 1252 3423 addita·

135 3468 286 3533 meutum
304 3459 368 3526 erit
387 3459 496 3543 illius,
521 3478 610 3548 quae
629 3456 675 3523 de
688 3457 787 3546 poesi
798 3458 886 3548 agit,
910 3458 1159 3549 disputationis,
1188 3481 1251 3526 ne·

135 3583 204 3648 que
220 3563 322 3629 aliam
334 3561 404 3629 vim
420 3561 572 3647 habebit,
592 3559 655 3628 nisi
668 3569 707 3628 ut
720 3582 819 3627 usum
831 3583 975 3652 poeseos
986 3563 1021 3632 in
1035 3585 1078 3632 ea
1088 3560 1250 3646 oratione,

135 3686 206 3752 qua
215 3665 335 3736 veritas
350 3663 557 3757 explicatur,
582 3663 800 3738 demonstret.

666 3871 728 3938 [lt

411 4017 533 4081 Divisio
549 4038 683 4101 poeseos
704 4037 745 4080 cc
765 4017 967 4101 argumentis.
992 4091 995 4100 Ι

236 4176 277 4243 Ιιι
288 4196 432 4267 poeseos
445 4185 557 4243 autem
571 4178 752 4268 generibus
766 4173 1004 4265 investigandis
1016 4173 1099 4242 duas
1117 4141 1189 4259 res,
1214 4183 1252 4241 ut

135 4299 237 4369 supra
248 4277 378 4350 dictum
391 4288 457 4366 est,
481 4288 634 4370 spectare
655 4279 827 4362 convenit,
852 4276 1025 4346 materiam
1041 4278 1136 4363 artis,
1162 4300 1251 4367 quae
