2826 4904
161 330 226 393 2ῗο
368 326 426 387 DE
453 325 744 388 PRAECEPTIS
775 325 1059 401 vavsusu

160 521 196 592 p.
215 496 302 567 129.
330 521 356 566 s.
383 497 437 566 ed.
467 496 557 588 Lips
585 497 672 567 ultra
692 496 724 566 L
743 498 839 569 locos
862 499 1069 586 Atticorum,
1094 485 1154 589 qui
1175 498 1278 568 isam·

160 603 315 694 regulam
343 601 555 686 confirment,
589 602 634 669 ab
660 624 695 668 se
717 602 881 672 collectos
908 603 1039 690 scribit,
1072 624 1184 691 eoque
1216 603 1274 671 ille

135 705 395 795 bexcmplorum
421 725 560 772 numero
588 702 713 771 adduci
735 727 771 772 se
799 704 939 791 fatetur,
978 715 1015 772 ut
1039 728 1120 774 vera
1152 703 1273 773 dixisse

159 808 332 875 Thomam
344 815 450 897 putet.
503 806 607 891 Quod
621 806 681 875 etsi
695 815 765 873 tam
780 815 878 876 caute
900 816 949 876 est
963 808 1272 899 circumspecteque

159 909 307 998 factum,
332 918 370 977 ut
388 911 442 977 vix
459 909 612 976 videatur
630 909 821 977 temeritatis
845 918 960 977 notatu
979 933 1079 1002 posse
1104 910 1272 1002 effugere,

45 1008 53 1027 ⁸
159 1035 262 1103 quem
277 1022 367 1080 tanta
379 1012 610 1102 exemplorum
625 1012 805 1080 multitudo
822 1011 906 1080 nihil
918 1022 1071 1082 moveat:
1097 1021 1147 1082 est
1158 1023 1271 1082 tamen

159 1138 226 1184 una
245 1116 454 1206 potissimum
473 1137 602 1199 caussa,
635 1138 723 1205 quae
744 1138 800 1184 me
819 1115 959 1205 quidem
976 1117 1033 1186 vel
1057 1116 1131 1184 sola
1144 1117 1208 1186 -sic
1229 1118 1271 1186 ab

159 1218 367 1287 assentiendo
388 1228 541 1301 revocet,
573 1225 611 1285 ut
629 1218 760 1286 facilius
786 1228 821 1286 et
838 1218 899 1286 illa
919 1217 951 1287 L
972 1220 1148 1309 exempla,
1182 1228 1218 1289 et
1245 1220 1272 1288 si

159 1322 266 1389 multo
291 1322 389 1413 plura
411 1320 610 1403 afferantur,
640 1331 825 1410 corrupta,
864 1344 966 1409 quam
986 1325 1144 1413 regulam
1174 1323 1271 1390 istam

157 1446 272 1493 veram
293 1447 363 1492 esse
385 1423 532 1491 credam.
591 1423 712 1513 Neque
734 1424 823 1491 enim
842 1424 1004 1494 credibile
1023 1434 1088 1510 est,
1114 1426 1269 1516 regulam

59 1534 61 1543 ’
158 1527 203 1594 ab
226 1526 344 1594 Atticis
362 1528 572 1594 observatam
590 1548 679 1610 esse,
700 1528 795 1596 cuius
812 1527 1039 1595 observandae
1050 1528 1143 1595 nulla
1156 1550 1269 1596 caussa

158 1629 352 1722 reperiatm.
393 1628 489 1697 Nihil
514 1638 562 1697 est
586 1628 675 1696 enim
693 1627 728 1695 in
754 1629 936 1697 verborum
957 1631 1269 1717 constructionibus,

158 1741 196 1801 ut
222 1754 365 1822 quarum
384 1734 491 1800 omnis
518 1732 603 1799 ratio
632 1732 812 1821 multiplici
839 1732 1082 1825 cogitationum
1111 1735 1269 1803 varietate

157 1835 413 1920 determinetur,
458 1835 553 1923 quod
582 1833 652 1903 sine
685 1835 797 1923 aliqua
824 1837 1004 1905 sententiae
1036 1838 1222 1905 mutatione
1249 1861 1269 1904 a

157 1937 328 2007 communi
348 1959 410 2004 usu
430 1937 598 2006 deflectat.
650 1937 755 2021 Quod
779 1937 807 2005 si
827 1961 895 2026 qna
909 1947 994 2007 esset
1007 1960 1140 2025 caussa,
1165 1963 1270 2029 quare
1308 1966 1311 1975 ·

154 2040 321 2132 particula
343 2042 377 2113 εἰ
396 2062 474 2110 cum
493 2038 717 2128 quorumdam
738 2042 918 2108 verborum
944 2041 1159 2111 coniunctivis
1185 2065 1269 2112 oon-

155 2143 236 2211 strui
256 2151 389 2235 posset,
424 2166 465 2210 ea
492 2165 603 2230 neque
622 2142 656 2208 in
683 2143 849 2233 particula
878 2145 956 2228 ista,
988 2168 1098 2235 neque
1120 2146 1156 2213 in
1183 2168 1267 2215 con-

153 2247 291 2316 iunctivi
314 2257 431 2314 natura
448 2246 509 2314 sita
526 2253 626 2329 esset,
654 2245 747 2334 quod
766 2247 814 2314 sic
829 2248 864 2318 ἐἰ
876 2268 955 2314 cum
978 2249 1127 2335 omnium
1146 2250 1263 2318 verbo·

154 2372 230 2417 rum
253 2349 468 2420 coniunctivis
489 2356 753 2451 construeretup
778 2348 839 2417 sed
857 2357 914 2416 aut
940 2350 1132 2420 omnino'in
1149 2354 1266 2438 verbis,
1287 2402 1292 2421 ,

36 2496 39 2501 -
155 2476 243 2544 quae
266 2449 531 2545 oddoadsauso
553 2460 730 2538 vocantur,
766 2461 824 2519 aut
847 2452 883 2520 in
905 2455 1122 2525 coniunctivis
1149 2478 1265 2525 eorum

155 2564 240 2624 esset
261 2553 462 2644 quaerenda.
513 2555 619 2644 Atqui
638 2578 718 2623 num
742 2553 866 2623 horum
892 2559 1121 2651 coniunctims
1139 2559 1266 2652 signill-

154 2659 286 2729 catione
298 2660 341 2726 ab
356 2658 499 2726 aliorum
518 2658 735 2727 coniunctivis
750 2661 929 2726 verborum
950 2659 1090 2729 differt?
1115 2661 1264 2730 Minime.

152 2762 244 2830 Num
259 2761 425 2852 optativo,
454 2783 534 2827 num
547 2760 663 2829 futuro
678 2761 814 2831 carent?
838 2761 891 2828 Ne
905 2761 975 2832 hoc
993 2764 1142 2854 quidem.
1175 2768 1263 2834 Num

152 2885 262 2952 neque
278 2855 341 2937 icio
361 2884 440 2930 cum
464 2885 581 2931 eornm
601 2865 837 2949 coniunctivis,
863 2888 974 2954 neque
998 2869 1034 2940 εἰ
1050 2889 1129 2937 cum
1143 2869 1265 2960 optati-

151 2967 200 3034 vis
223 2975 256 3032 et
276 2964 394 3033 futmis
416 2963 637 3034 construitur?
669 2967 869 3057 Saepissime
892 2990 983 3042 vero.
1041 2970 1135 3055 Quid
1163 2973 1265 3064 igitur

150 3069 319 3157 reliquum
339 3067 414 3137 est?
444 3067 540 3135 Nihil
556 3069 656 3136 video
677 3068 788 3154 aliud,
820 3092 924 3158 quam
943 3080 980 3139 ut
1005 3074 1135 3144 Atticos
1156 3078 1193 3148 εἰ
1208 3083 1265 3143 aut

150 3195 230 3243 cum
251 3172 374 3241 nullius
390 3170 504 3256 verbi,
530 3180 588 3239 aut
607 3193 685 3240 cum
707 3173 856 3241 omnium
870 3175 1087 3245 coniunctivis
1108 3187 1260 3247 constru-

93 3306 96 3311 ·
149 3275 233 3344 uisse
256 3276 415 3344 dicamus.
466 3276 621 3343 Alterum
639 3276 729 3360 aliis,
755 3277 826 3345 aliis
849 3277 991 3346 alterum
1010 3281 1193 3371 probabile
1214 3281 1262 3350 vi-

149 3401 224 3446 snm
244 3389 302 3446 est.
354 3380 401 3447 Et
421 3375 460 3444 hi
481 3378 637 3467 quidem,
667 3377 725 3469 qui
748 3382 783 3452 εἰ
802 3381 938 3448 omnino
962 3404 1061 3472 posse
1081 3405 1161 3452 cum
1180 3405 1262 3453 con-

98 3549 100 3559 ,
148 3481 295 3551 iunctivo
310 3481 457 3552 construi
473 3482 673 3566 existimant,
700 3505 742 3549 eo
762 3490 900 3551 utuntur
914 3494 1132 3576 argumento,
1156 3485 1261 3576 qnod,

149 3607 254 3673 quum
276 3587 374 3653 istam
393 3585 673 3655 constructionem
697 3606 765 3651 non
784 3607 976 3677 repugnare
996 3588 1128 3680 legibus
1151 3589 1262 3658 Grae-

150 3708 211 3756 cae
228 3688 365 3779 linguae
380 3709 422 3755 ex
434 3689 588 3754 Homero
603 3696 638 3754 et
656 3687 803 3754 Pindaro
823 3688 1044 3781 intelligatur,
1066 3692 1112 3759 ne
1131 3694 1262 3763 Atticos

149 3790 288 3881 quidem
306 3791 409 3882 plane
425 3790 470 3858 ab
492 3790 533 3858 ea
554 3789 747 3858 abstinuisse
775 3791 953 3861 verisimile
972 3794 1030 3884 sit,
1062 3794 1144 3884 quin
1167 3794 1260 3864 baud

148 3916 260 3987 pauca
281 3894 316 3960 in
341 3917 417 3961 eam
435 3915 508 3969 rem
529 3892 686 3984 exempla
702 3893 816 3961 afferri
835 3917 946 3985 posse.
999 3896 1069 3981 Qui
1094 3921 1178 3968 vero
1199 3922 1260 3968 ne·

147 4006 232 4089 gant
244 3997 373 4064 Atticos
387 3996 449 4063 ista
464 3997 710 4066 constructione
725 4019 802 4065 usos
820 4020 906 4083 esse,
932 3996 994 4066 has
1011 3998 1141 4070 habent
1156 4003 1260 4071 ratio·

101 4106 107 4112 ’
148 4122 225 4182 nes,
258 4101 464 4189 paucitatem
491 4100 724 4189 exemplomm
745 4101 781 4165 in
802 4109 873 4167 tam
898 4102 1026 4170 infinita
1047 4097 1259 4174 multitudine
1315 4128 1319 4135 ’

148 4202 322 4287 locorum,
347 4203 406 4291 qui
419 4202 545 4270 usitatis
556 4202 688 4294 legibus
700 4197 912 4285 couv'eniant3
940 4205 1178 4277 dissensionem
1199 4230 1259 4278 co-

148 4297 282 4390 dicum,
313 4305 349 4373 in
365 4304 495 4399 ingenti
512 4305 669 4379 locorum
685 4327 827 4377 numero
844 4317 878 4378 et
898 4308 1152 4383 convenientem
1166 4310 1259 4386 ,mori
