2826 4904
282 301 340 362 nu
363 298 574 362 cnlncAn
602 297 810 361 Llncvnu
841 297 1096 360 DlALECTlS.
1186 302 1247 365 1³7

158 471 160 475 ’
238 474 389 542 Transeo
410 472 455 541 ad
476 473 578 540 aliam
596 494 677 540 rem.
730 472 868 540 Gomtnt
882 473 917 539 in
936 470 1146 540 Graecorum
1160 491 1248 562 poe-

134 588 248 647 tarum
263 566 513 669 scriptis'versns
529 577 692 665 quosdam
706 574 857 665 reperiri,
882 596 1028 663 quorum
1045 575 1163 642 ultima
1179 576 1249 664 syl-

134 682 235 767 laba,
260 679 354 769 qnod
366 703 505 769 sequeus
520 701 631 747 versus
644 702 664 745 a
678 678 790 748 vocali
800 677 948 769 incipiat,
975 678 1128 744 elidatur.
1152 678 1251 745 Haec

135 807 191 852 res
212 794 331 852 natura
346 807 407 851 sua
421 804 538 850 eorum
552 804 724 865 versuum,
749 781 807 870 qui
821 781 1001 870 systematis
1016 780 1252 871 comprehensi

135 895 230 972 sunt,
255 887 396 978 propria
419 895 485 965 est3
516 886 625 953 aliena
644 895 756 951 autem
778 884 821 950 ab
844 883 899 950 his
921 884 1137 968 carminibus,
1164 905 1251 971 quae

135 983 234 1062 νατυῖ
254 993 378 1079 στίχον
398 987 585 1079 composita
609 1012 630 1055 a
648 987 875 1079 grammaticis
887 997 1058 1055 vocantur.
1108 986 1251 1055 Abhor-

136 1093 313 1182 tetigitur
332 1092 376 1158 ab
397 1093 496 1181 opica
517 1093 629 1181 poesi3
652 1090 815 1158 abhorret
835 1090 878 1156 ab
900 1091 1019 1156 iambis
1034 1091 1250 1180 tragicorum

137 1195 247 1287 Apud
266 1196 456 1263 Homerum
473 1204 588 1262 tamen
603 1203 672 1278 ter,
698 1193 760 1260 nisi
778 1193 898 1277 fallor,
925 1194 1071 1260 occurrit
1089 1187 1251 1288 εὐρύοπα

141 1293 236 1394 Ζῆν’
259 1298 294 1366 in
317 1299 385 1365 fine
405 1320 517 1365 versus
539 1297 705 1388 positum,
736 1297 830 1384 quod
851 1294 1019 1364 doctiores
1042 1294 1254 1387 grammatici

139 1402 189 1470 sic
204 1402 411 1486 scribebant,
436 1410 473 1467 ut
486 1401 631 1468 litteram
649 1427 670 1472 ν
689 1399 839 1488 sequenti
850 1399 959 1467 versui
975 1398 1148 1483 adderent,
1167 1398 1254 1466 falso
1334 1414 1337 1423 ·

140 1503 298 1592 quidem,
330 1527 435 1594 quum
455 1504 565 1593 poetis
585 1504 680 1571 aliter
697 1503 805 1571 visum
820 1512 889 1570 esse
905 1503 1040 1571 aliunde
1062 1501 1191 1571 clarum
1204 1501 1253 1567 sit

141 1606 216 1675 Sed
236 1606 281 1674 de
305 1609 366 1675 illo
391 1606 531 1696 quidem
553 1607 687 1675 nomine
713 1616 805 1675 recte
826 1606 963 1672 sensisse
984 1604 1049 1671 hos
1066 1613 1169 1695 puto,
1195 1604 1255 1692 qui

141 1709 212 1776 sine
233 1709 370 1779 elisione
394 1710 469 1805 Ζῆν
490 1711 690 1779 scribebant.
746 1708 860 1775 Multa
891 1717 965 1775 suut
991 1708 1080 1775 enim
1108 1706 1255 1790 nomina,

141 1835 288 1901 quorum
300 1815 471 1881 breviores
493 1813 662 1902 quaedam
675 1811 825 1897 formae,
851 1811 919 1878 sive
938 1810 1080 1881 audacia
1095 1809 1255 1900 quadam,

141 1917 212 1984 sive
236 1917 331 2004 quod
349 1916 528 2004 antiquitas
560 1916 600 1983 iis
627 1938 687 1982 usa
712 1922 815 1998 esset,
856 1937 877 1980 a
901 1915 1012 2007 poetis
1043 1922 1255 2005 usurpantur,

142 2042 231 2107 qnae
251 2021 387 2089 uomina
407 2021 609 2109 plerumque
628 2017 745 2087 sedem
761 2018 824 2085 sibi
841 2018 876 2086 in
898 2028 1047 2086 extremo
1065 2041 1162 2086 versu
1181 2017 1256 2084 vin-

143 2123 265 2190 dicant.
316 2123 485 2212 Exempla
500 2123 667 2211 quaedam
683 2123 959 2189 commemoravit
974 2122 1097 2188 Strabo
1119 2144 1156 2209 p.
1170 2115 1256 2185 56⁰.

141 2223 270 2315 (364.)
320 2223 473 2292 Certiora
495 2225 638 2291 elisiouis
654 2224 690 2289 in
711 2225 779 2290 fine
797 2244 910 2289 versus
926 2223 1083 2312 exempla
1103 2221 1138 2288 in
1151 2219 1259 2310 tragi-

143 2348 266 2395 comm
279 2324 433 2391 trimetris
454 2334 595 2408 exstant,
620 2324 751 2391 nullum
768 2322 905 2411 quidem
922 2325 1016 2414 apud
1037 2324 1260 2414 Aeschylum,

142 2428 349 2512 sedunum,
383 2429 410 2495 si
430 2437 521 2496 recte
538 2426 691 2511 memini,
717 2426 751 2493 in
772 2426 963 2517 Euripideis
986 2428 1124 2512 fabulis,
1159 2427 1261 2517 plura

144 2535 181 2600 in
205 2530 420 2621 Sophocleis.
479 2531 526 2598 Et
547 2528 741 2620 Sophocles
762 2529 901 2618 quidem
919 2531 1047 2621 primus
1060 2530 1130 2600 hoc
1146 2530 1261 2599 facere

146 2657 243 2702 ausus
270 2644 337 2717 est,
369 2642 452 2701 teste
477 2633 658 2700 Athenaeo
680 2632 739 2700 lib.
765 2633 808 2700 X.
829 2655 865 2723 p.
886 2632 992 2719 453,
1019 2635 1113 2702 cuius
1133 2633 1260 2718 locum,

145 2736 241 2829 qnod
262 2681 363 2805 valde
383 2737 611 2803 memorabilis
635 2743 695 2821 est,
713 2746 797 2830 post
819 2737 962 2804 aliorum
985 2760 1080 2808 curas
1101 2737 1262 2805 emenda-

145 2851 219 2909 tum
233 2840 439 2908 adscribam.
465 2866 484 2912 ο
477 2837 542 2911 δέ
563 2832 759 2936 Ἀθηναῖος
777 2837 940 2921 Καλλίας
956 2839 1196 2963 (ἐζητοῦμεν
1191 2865 1261 2936 γαρ

148 2945 205 3016 ἔτι
219 2937 398 3065 πρότερον
421 2939 504 3065 περὶ
528 2937 660 3032 ου’τοῦ)
683 2967 816 3038 μινρον
839 2942 1049 3064 ἔμπροσθεν
1071 2935 1262 3035 γενόμενος

147 3051 225 3125 τοῖς
242 3037 675 3171 qqo'notcErqoc'rrtdoc,⁵
657 3043 802 3167 εποίῆσε
815 3037 882 3139 τῆν
897 3047 1120 3172 καλουμένην
1138 3072 1262 3138 γραμ-

147 3142 307 3275 ματικῆν
321 3146 501 3241 θεωρίαν,
528 3144 623 3219 οὕτω
640 3141 826 3228 ὃιαταξας·
876 3141 1052 3242 πρόλογος
1066 3147 1134 3239 μέν
1153 3174 1263 3242 αυτης
1273 3159 1314 3221 11

149 3247 247 3323 ἐστὶν
263 3252 299 3322 ἐκ
314 3249 386 3322 τοῖν
402 3246 606 3337 στοιχείων,
635 3246 677 3318 ὂν
698 3273 765 3342 χρη
758 3243 904 3337 λέγειν
927 3243 976 3318 roi
990 3248 1063 3318 cciv
1076 3246 1263 3336 στοιχείων

150 3351 384 3472 διαιροῦντα
388 3377 482 3422 νατα
504 3376 569 3428 τας
581 3373 822 3468 παραγραφας
829 3402 844 3437 ,
864 3347 923 3420 καὶ
936 3342 1004 3446 τῆν
1017 3343 1265 3447 τελευτῆναα

148 3452 401 3551 ταοτροφιιιῶς
419 3452 657 3544 ποιουμένους
684 3453 732 3530 εἰς
753 3476 798 3522 το
823 3461 863 3522 oi·

253 3592 316 3664 ἔστ
316 3586 464 3683 ’ἄλφα,
488 3586 607 3683 βῆτα,
633 3614 787 3681 μαμμα,
812 3587 943 3710 βέλεα,
969 3589 1062 3662 «θεοῦ
1080 3615 1154 3685 παρ
1193 3617 1240 3677 ει,

255 3689 350 3836 ζῆτ’,
376 3688 466 3787 ῆτα,
500 3684 604 3779 duic,
636 3690 748 3779 inico,
775 3717 919 3779 ιιαππα,
945 3685 1114 3784 λαμβιλα,
1149 3717 1215 3782 μυ,

255 3816 320 3906 νῆ,
344 3807 466 3905 fusto
483 3842 547 3904 ου,
580 3819 640 3904 πῖ,
674 3815 753 3935 ori,
772 3807 819 3886 ‘cd
837 3807 919 3904 σολν,
945 3815 1037 3904 rori,
1062 3841 1084 3884 υ
1110 3808 1239 3909 παρόν,

259 3925 324 4013 φῖ,
351 3945 388 4007 χι
407 3945 469 4004 τε,
496 3916 550 4011 τῷ
566 3923 613 4012 ψῖ
632 3943 680 3997 εις
695 3944 795 3989 sono

155 4055 177 4128 ὁ
198 4080 306 4182 χρρος
328 4053 366 4127 de
388 4051 565 4145 γυναικοῖν
588 4059 625 4128 έν
645 4081 720 4126 των
743 4047 873 4126 ουνδυο
900 4051 1138 4171 πεποιημένρς
1168 4048 1271 4149 αυτῷ

153 4158 255 4232 ἑστιν
276 4159 456 4251 ἔμμετρος
478 4151 556 4246 ἅμα
585 4155 645 4253 uei
667 4155 1042 4250 μεμελοπεποιημένος
1068 4145 1176 4227 τόνδε
1201 4183 1267 4228 τον

156 4274 314 4380 τρόπον·
341 4281 440 4376 βῆτα
469 4276 589 4376 ἄλφα,
624 4280 721 4376 βῆτα
743 4307 797 4368 ει,
822 4273 958 4373 βῆτα
934 4305 1023 4372 ητα,
1049 4279 1206 4375 βῆτα
1163 4309 1267 4370 ιωτα,
