2826 4904
277 318 465 380 Pnosutt
491 320 547 381 ET
568 320 804 381 Pouumtu
826 319 1099 386 ontmon'ls,
1191 326 1254 390 1²8

115 481 123 499 ⁹
141 485 315 587 ψήφισμα
334 483 399 562 τόν
411 484 499 562 τότε
517 490 564 586 τῇ
578 484 681 564 πόλει
696 484 920 587 περιστάντα
937 490 1102 563 νένδννον
1115 495 1251 586 παρελ-

141 599 225 666 θεῖν
237 589 415 689 ἐποίησεν,
444 589 555 688 ὥςπερ
571 595 687 687 νέφος,
712 596 803 663 Eum
815 594 990 685 Longinus
1003 602 1082 662 sect.
1097 595 1251 665 XXXIX.

141 695 317 785 dactylici:
347 696 491 762 numeris
519 697 742 785 compositum
769 697 866 782 dicit,
893 697 937 765 de
959 720 1027 786 qua
1051 707 1186 765 renota
1205 707 1253 766 est

139 799 253 889 inepta
277 799 458 888 disputatio
480 796 608 866 Clarkii
631 798 675 865 ad
695 799 791 868 Iliad.
821 800 865 869 ll.
886 796 973 867 537.
1024 801 1142 889 Neque
1163 801 1253 868 enim

139 901 211 971 hoc
238 902 344 967 voluit
368 901 558 992 Longinus,
587 903 663 969 solo
676 903 767 993 pede
784 902 920 992 dactylo
934 903 1026 972 hunc
1048 926 1182 971 onmem
1196 903 1252 973 lo-

139 1004 423 1087 cumdecurrere,
449 1004 507 1072 sed
521 1027 663 1095 regnare
677 1007 712 1072 in
730 1028 771 1073 eo
785 1015 820 1072 et
832 1006 1029 1095 primarium
1044 1029 1115 1075 esse
1132 1006 1252 1096 dacty-

138 1109 231 1193 lum,
258 1107 285 1173 si
301 1108 375 1195 quis
389 1129 456 1174 non
472 1131 679 1193 mensuram,
706 1108 766 1177 sed
779 1109 1091 1199 pronunciationem
1112 1119 1253 1178 accentu

139 1219 363 1301 temperatam
376 1220 552 1300 spectaret.
587 1210 811 1300 Quamquam,
838 1213 865 1281 si
880 1212 999 1280 ultima
1012 1214 1125 1296 verba,
1140 1209 1281 1308 decept)

139 1315 267 1407 νέφος,
300 1336 365 1402 pro
387 1314 504 1385 lonico
529 1337 549 1380 a
570 1316 706 1399 maiori,
739 1326 776 1383 ut
795 1316 944 1400 videtur,
976 1314 1115 1398 habuit,
1148 1315 1252 1382 falsus

140 1425 192 1484 est
210 1414 308 1482 simili
327 1439 457 1500 errore,
491 1439 534 1485 ac
552 1416 729 1507 Dionysius
753 1418 1066 1501 Halicarnassensis,
1097 1419 1156 1506 qui
1175 1419 1252 1487 ubi-

140 1541 225 1608 que,
259 1520 352 1587 nulla
371 1529 529 1588 accentus
552 1523 680 1588 ratione
703 1521 836 1606 habita,
860 1545 1028 1590 mensuras
1049 1521 1252 1609 syllabarum

139 1621 287 1712 respicit.
337 1622 439 1691 Cuius
461 1622 506 1690 ad
525 1625 717 1716 exemplum
738 1625 765 1691 si
787 1625 1002 1713 Thucydidis
1017 1625 1138 1707 verba,
1164 1645 1252 1711 quae

138 1748 174 1816 p.
192 1721 278 1791 136.
292 1725 409 1811 affert,
434 1727 481 1793 ita
496 1725 640 1805 dimetiri
662 1729 779 1815 aliquis
794 1728 903 1811 volet,
930 1725 1082 1799 inaerari
1105 1735 1111 1822 Ι
1134 1752 1171 1796 σι
1185 1719 1252 1798 τόν

139 1852 229 1921 προς
251 1821 257 1924 Ι
280 1831 396 1901 θέντα
413 1828 467 1921 νῶ
488 1831 494 1917 1
517 1824 617 1922 νόμῳ
634 1824 701 1901 ‘cdo
724 1837 729 1920 1
753 1823 860 1922 λόγον
877 1823 943 1902 τόν
965 1837 972 1912 Ι
995 1832 1057 1907 de,
1090 1829 1164 1918 quis
1182 1828 1251 1914 hic,

140 1930 302 2014 obsecro,
331 1955 487 2001 numerus
503 1932 589 2000 erit?
613 1934 734 2021 Neque
753 1933 874 2003 rectius
894 1933 929 1999 in
949 1931 1019 2003 hoc
1034 1955 1160 2024 genere
1175 1954 1252 2000 ver-

136 2042 227 2100 satus
248 2043 297 2102 est
309 2034 448 2120 Cicero,
474 2036 578 2125 quiin
598 2036 658 2103 lib.
674 2037 735 2104 111.
756 2037 801 2104 de
825 2046 958 2104 oratore
974 2060 1049 2126 cap.
1066 2035 1126 2102 47.
1142 2019 1177 2102 ei
1188 2033 1250 2103 48.

137 2159 243 2224 quum
262 2139 446 2207 Aristotelis
467 2139 663 2207 sententiam
684 2147 995 2221 commemorasset,
1037 2161 1057 2203 a
1085 2137 1251 2226 paeonico

135 2260 279 2306 numero
295 2262 448 2306 exorsum
461 2241 543 2308 dicit
554 2241 737 2324 Fannium,
762 2241 803 2321 si,
829 2240 995 2332 Quirites,
1020 2239 1251 2324 minosiilius,

135 2339 350 2430 quiquidem
369 2342 404 2407 iu
426 2363 529 2431 prosa
545 2342 695 2408 oratione
710 2364 778 2408 non
792 2342 900 2432 magis
916 2351 989 2408 sunt
1000 2342 1130 2409 numeri
1142 2364 1252 2431 paeo-

135 2443 220 2527 nici,
257 2442 358 2531 atque
374 2443 412 2511 hi
433 2454 508 2511 sunt
527 2442 677 2528 heroici,
711 2443 834 2518 urbem
856 2445 1011 2512 Romam
1033 2467 1057 2511 a
1073 2445 1252 2535 principio

136 2567 247 2637 reges
267 2545 433 2614 habuere.
486 2547 556 2614 Sed
576 2538 696 2615 Cicero
717 2568 853 2636 quoque
874 2570 991 2614 verum
1005 2548 1119 2631 sensit,
1145 2547 1251 2614 modo

138 2649 309 2738 explicare
340 2651 494 2719 scivisset.
555 2651 644 2716 Nam
675 2673 762 2742 ego,
803 2651 926 2739 inquit,
960 2651 1052 2718 iliud
1080 2651 1252 2718 assentior

143 2751 406 2844 Theophrasto,
432 2753 608 2844 quiputat
624 2754 835 2838 ονανὶονννην,
861 2775 954 2845 quae
968 2754 1109 2844 quidem
1125 2754 1170 2821 sit
1180 2776 1251 2845 po·

139 2854 205 2922 lita
224 2863 330 2946 atque
349 2855 461 2948 sacta
481 2856 762 2946 quodammodo,
786 2879 855 2924 ooo
879 2858 1069 2950 adstricto,
1096 2857 1163 2926 sed
1190 2879 1250 2924 re·

137 2958 276 3026 missius
299 2981 523 3027 numerosam
545 2981 620 3028 esse
644 2967 814 3051 oportere.
873 2960 1010 3030 Scilicet
1027 2983 1096 3027 nou
1117 2969 1166 3027 est
1184 2961 1250 3027 mi-

137 3083 231 3145 rum,
257 3061 284 3127 si
297 3063 373 3128 artis
388 3062 573 3130 rhetoricae
591 3063 765 3146 doctoreS,
791 3064 850 3151 qui
864 3063 909 3129 ad
923 3073 1098 3131 accentum
1114 3084 1182 3129 non
1198 3072 1250 3130 at-

137 3162 330 3248 tenderent,
355 3188 476 3255 prosae
492 3166 647 3233 orationis
664 3188 819 3232 numeros
843 3190 863 3232 a
881 3166 1024 3255 poeticis
1041 3187 1111 3231 non
1125 3174 1249 3255 potue-

137 3275 215 3334 runt
231 3267 306 3333 satis
321 3276 475 3336 accurate
492 3267 708 3358 distinguere.
760 3268 917 3334 Poeticus
937 3268 1096 3334 uumerus
1114 3265 1174 3334 hic
1189 3276 1248 3352 est,

137 3370 214 3457 qui,
247 3372 405 3460 neglecto
427 3379 583 3455 accentu,
617 3392 789 3437 mensurae
812 3369 1014 3456 quibusdam
1039 3370 1249 3439 varietatibus

137 3471 335 3540 continetur.
386 3473 495 3541 Huius
511 3474 566 3540 lex
588 3483 621 3540 et
643 3474 727 3541 ratio
751 3472 852 3542 certis
869 3472 1113 3559 durationibns‚
1138 3485 1251 3543 certo-
1274 3541 1276 3546 .

136 3598 207 3663 que
233 3575 352 3644 ordine
375 3598 533 3644 sonorum
556 3576 802 3668 comprehensa
821 3587 879 3644 est.
936 3577 1056 3666 Neque
1077 3578 1105 3644 is
1128 3577 1249 3667 cogni-

135 3677 235 3762 tioni,
261 3681 322 3747 sed
337 3681 555 3749 oblectationi
566 3681 713 3750 inservit:
738 3680 829 3749 unde
848 3681 955 3764 initia,
981 3682 1081 3763 fineS,
1104 3678 1248 3746 interca-

134 3780 277 3872 pedines
296 3805 365 3851 non
384 3807 449 3875 pro
471 3784 653 3852 verbomm
676 3795 776 3873 atque
796 3785 952 3852 orationis
973 3782 1247 3865 distinctionibus,

135 3884 196 3952 sed
213 3907 278 3975 pro
299 3887 373 3978 ipsa
394 3910 622 3955 mensurarum
637 3886 818 3957 commoda
841 3887 1074 3955 distributione
1090 3885 1248 3952 constitu-

134 3997 185 4054 tas
199 3987 314 4056 habet
365 3991 485 4078 anue
499 3991 583 4058 ratio
606 4002 749 4060 metrum
763 4000 911 4059 vocatur.
963 3990 1003 4056 ln
1020 4009 1123 4081 prosa
1136 3998 1248 4081 autem

135 4092 289 4160 oratione
309 4093 438 4161 numeri
457 4103 596 4161 accentu
622 4104 800 4187 reguntur,
833 4096 891 4182 qui
916 4115 1021 4182 quum
1044 4113 1109 4159 uec
1127 4092 1253 4175 tollere

133 4194 240 4286 plane
254 4197 459 4286 syllabamm
471 4219 678 4282 mensuram,
704 4220 812 4287 neque
827 4198 870 4264 ab
889 4220 929 4264 ea
947 4197 1022 4286 ipse
1037 4193 1112 4263 tolli
1126 4199 1247 4287 possit,

136 4320 297 4369 numeros
318 4301 456 4372 efficite
478 4299 607 4392 duplici
626 4322 842 4371 numerorum
857 4322 1002 4391 genere,
1024 4322 1176 4369 mensura
1188 4323 1248 4372 ac-
