2826 4904
493 286 896 351 onsnnvtrlonns.
1181 290 1247 357 247

138 462 256 532 nisaett
279 477 369 528 nunc
382 446 516 544 'autem‚
539 480 646 548 quarn
659 469 786 530 tantum
801 461 871 530 eius
891 460 1074 529 carminum
1088 457 1247 530 volumen

139 562 291 634 omnium
316 562 468 633 manibus
491 570 637 647 teratur,
675 564 758 652 qnid
783 563 829 632 de
854 564 914 630 tali
943 563 1101 654 opinione
1123 563 1247 650 dicam,

137 690 208 736 uon
230 666 374 735 bruenio.
429 664 500 750 Qui
527 686 740 736 communem
765 667 917 758 linguam
944 664 1092 734 Pindaro
1119 666 1247 734 tribue·

139 779 236 856 runt,
269 768 342 840 boc
360 765 481 837 dixisse
506 768 664 837 censendi
689 777 783 855 sunt,
814 769 1015 854 dialectum,
1046 791 1115 857 qua
1134 768 1248 854 utitur,

138 873 300 964 singulari
328 870 480 960 quodam
507 879 771 963 temperamento
802 893 892 962 pene
927 894 968 939 ex
996 872 1150 940 omnibus
1172 871 1248 938 dia-

136 976 232 1046 lectis
252 974 390 1044 mixtam
409 972 526 1041 videri.
576 975 620 1042 ld
642 973 817 1063 quomodo
843 974 971 1045 factum
994 974 1054 1059 sit,
1091 981 1249 1064 apertum

138 1086 200 1149 esl-
249 1079 312 1146 Est
334 1076 423 1146 euim
439 1074 577 1143 Pindari
599 1076 761 1146 dialectos
782 1076 896 1168 epica,
930 1075 992 1144 sed
1012 1077 1163 1146 colorem
1181 1076 1249 1145 ha-

137 1179 395 1264 beusllorioae,
419 1178 587 1257 interdum
609 1180 709 1248 etiam
726 1181 886 1251 Aeolicae
906 1179 1044 1271 liuguae
1064 1177 1114 1269 *).
1164 1179 1250 1251 Aliis

138 1283 267 1369 verbis,
294 1281 550 1350 fundamentum
571 1281 670 1351 buius
692 1282 829 1354 dialecti
849 1291 898 1352 est
912 1282 1030 1374 lingua
1045 1281 1162 1374 epica,
1188 1281 1262 1359 sed¹
1387 1322 1390 1327 Α

139 1386 298 1456 ellorica
310 1385 457 1454 dialecto
470 1392 599 1452 tantum
615 1385 753 1455 adscivit
765 1385 948 1471 Pindarus,
972 1391 1180 1475 quantumst
1202 1383 1249 1453 ad

139 1489 292 1559 dictionis
324 1486 543 1580 splendorem
574 1498 609 1556 et
641 1488 687 1556 ad
718 1512 934 1560 numerorum
971 1487 1250 1560 commoditatem

137 1591 299 1663 idoneum
320 1591 506 1676 videretur,
548 1591 726 1683 repudians
755 1593 831 1679 illa,
870 1613 958 1681 quae
994 1599 1053 1658 aut
1085 1588 1249 1657 interioria

138 1701 264 1779 essent,
299 1702 359 1762 aut
379 1693 546 1786 vulgarlS,
579 1703 637 1761 aut
664 1694 761 1763 certis
788 1694 823 1761 iu
848 1694 933 1762 locis
960 1691 1070 1760 usitati
1092 1691 1248 1759 Dorismi

136 1798 212 1868 Nec
230 1795 361 1889 primus
387 1794 458 1866 boo
480 1794 562 1867 fecit
582 1796 763 1882 Pindarus,
788 1795 850 1865 sed
869 1803 1026 1886 sequutus
1047 1794 1148 1880 alios,
1172 1792 1274 1885 ipseb

136 1922 276 1990 quoque
297 1907 377 1991 post
396 1899 431 1966 iu
453 1897 616 1989 exemplis
639 1897 782 1966 habitus.
831 1900 967 1968 Horum
985 1898 1148 1989 attingam
1160 1917 1250 1985 quae

136 2003 323 2095 praecipua
336 2008 420 2070 sunt.
470 2000 572 2068 Fines
594 2000 722 2088 libelli,
746 2002 962 2090 brevitatem,
985 2001 1129 2072 brevitas
1152 1998 1249 2068 ordi-

136 2128 216 2176 nem
234 2105 386 2176 oonsulto
406 2105 602 2195 neglectum
622 2104 801 2174 excusabit

239 2207 295 2276 Ac
321 2206 367 2275 de
396 2208 493 2296 epica
521 2205 613 2294 apud
636 2207 819 2274 Pindarum
847 2206 993 2274 dialecto
1012 2225 1117 2294 quum
1142 2203 1249 2270 multa

135 2308 209 2378 dici
224 2316 380 2400 possent,
405 2307 580 2377 consistam
601 2307 636 2374 iu
656 2307 752 2374 hiatu
774 2317 808 2375 et
830 2306 1056 2396 quorumdam
1068 2307 1250 2381 ‚verborum

134 2433 301 2482 mensura.
360 2409 416 2478 lle
437 2408 532 2477 biatu
556 2409 696 2498 quidem
719 2407 790 2478 boc
815 2409 925 2501 magis
955 2409 1039 2478 mibi
1067 2407 1249 2476 dicendum

135 2524 201 2602 est,
227 2513 324 2602 quod
336 2513 365 2580 is
379 2535 489 2603 nuper
511 2510 697 2600 quemdam
719 2511 945 2593 doctissimum
967 2512 1076 2580 virum
1098 2510 1249 2596 adduxit,
1364 2590 1368 2597 ι

136 2628 176 2687 ut
188 2618 363 2708 digamma
381 2639 402 2683 a
417 2615 565 2683 Pindaro
593 2624 788 2705 usurpatum
804 2614 965 2684 erederet.
1017 2615 1064 2683 At
1083 2637 1124 2683 ea
1139 2613 1248 2681 littera

136 2721 319 2791 Pindarum
341 2741 409 2786 non
428 2741 501 2786 esse
523 2740 636 2803 usum,
661 2718 880 2787 certissimum
899 2727 958 2786 est.
1008 2717 1097 2786 Nam
1121 2724 1154 2784 ct
1171 2714 1248 2783 hia-

136 2810 210 2894 tum
224 2822 356 2890 admisit
369 2822 404 2890 in
425 2820 478 2889 his
498 2843 636 2910 quoque
653 2819 843 2906 vocabulis,
868 2843 956 2909 quae
977 2842 1160 2909 numquam
1182 2816 1248 2886 ha-

136 2928 282 2995 buerunt
303 2924 495 3017 digamma,
520 2946 632 3011 neque
653 2933 730 2991 ante
754 2924 815 2991 illa
836 2924 1020 3013 vocabula,
1045 2946 1133 3012 qnae
1155 2921 1249 3012 apud

138 3030 291 3118 antiquos
319 3050 340 3094 a
364 3027 539 3119 digammo
560 3027 723 3118 incepisse
751 3027 891 3112 scimus,
924 3036 981 3094 aut
1002 3024 1257 3117 correptionem

135 3133 285 3222 syllabae
299 3139 501 3199 consonante
522 3130 736 3213 terminatae,
762 3139 819 3197 aut
833 3129 1080 3221 apostrophum
1096 3128 1251 3196 declina-

135 3237 193 3304 vit.
242 3235 363 3321 Neque
383 3233 471 3299 enim
489 3231 565 3298 fore
585 3239 688 3319 puto,
722 3230 781 3317 qui
801 3231 975 3320 digamma
1000 3253 1089 3299 nunc
1109 3228 1262 3295 adhibi-l

134 3348 225 3421 tum,
250 3355 338 3405 nunc
353 3335 548 3424 neglectum
562 3333 662 3398 fuisse
686 3339 838 3409 censeat3
864 3354 928 3398 nec
945 3331 1072 3419 magis,
1097 3331 1155 3417 qui
1172 3352 1248 3397 earn

133 3442 279 3510 litteram
300 3460 378 3506 cum
400 3436 517 3526 spiritu
537 3455 659 3523 aspero
681 3441 873 3521 comparet,
910 3431 968 3520 qui
995 3432 1040 3499 ad
1060 3454 1247 3500 mensuram

134 3543 220 3612 nihil
240 3562 381 3628 usquam
403 3537 553 3622 confert,
584 3536 715 3602 hiatum
737 3543 851 3602 autem
871 3535 984 3602 reddit
1006 3535 1106 3602 etiam
1128 3534 1247 3603 durio-
1336 3602 1339 3613 ,

133 3670 217 3715 rem
280 3641 428 3712 Omnino
458 3663 499 3708 ex
527 3662 673 3729 quanam
694 3637 839 3707 dialecto
864 3638 1037 3730 digamma
1059 3661 1080 3704 a
1099 3636 1247 3705 Pindaro

125 3757 306 3841 sumptum
323 3737 480 3849 dicetur?
505 3743 559 3812 Ex
578 3741 699 3832 opica?
719 3742 773 3809 At
793 3741 930 3810 Pindari
945 3751 1099 3833 ternpore
1112 3738 1247 3831 pridem

135 3965 338 3982 m

177 4106 203 4180 *)
225 4099 285 4174 ,Ως
306 4098 339 4162 δὲ
359 4103 392 4165 oi
410 4107 537 4209 Δωριεῖς
554 4101 673 4183 ἔχαιρον
694 4098 747 4162 καὶ
768 4100 962 4176 αἰολίζοντες,
982 4101 1072 4179 δηλοῖ
1083 4098 1245 4176 Πίνδαρος,
1309 4159 1314 4179 ,

135 4181 297 4267 ἄναμὶξ“
260 4207 339 4249 ουτω
352 4192 468 4264 ποιῶν,
488 4184 556 4269 ἤτοι
571 4189 715 4270 Anniana
738 4180 866 4269 γράφων
890 4184 942 4248 καὶ
963 4187 1119 4258 Αἰολικῶς.
1141 4184 1284 4244 Eusta-

133 4271 216 4333 thius
235 4293 268 4353 P
284 4279 386 4349 1702,
407 4280 440 4342 8·
