2826 4904
133 385 295 455 casnm
314 383 368 447 ln
391 385 536 450 GEORG.
560 385 663 450 svn.
675 385 767 448 coll
779 385 831 449 lu
851 385 1146 495 noueremus.
1165 391 1232 456 359
1376 403 1380 408 ’

221 558 328 646 Quod
342 582 462 651 parere
473 560 567 629 novis
580 569 737 652 tempora
750 559 897 656 legibus,

272 663 320 731 Et
332 672 435 753 rupto
451 686 540 756 vaga
557 665 694 734 vinculo

218 765 359 836 Discunt
373 766 521 835 insolitas
537 767 607 835 fata
620 768 715 858 sequi
731 768 810 856 vias,

271 870 455 937 Armomm
471 879 506 938 et
519 880 651 939 resonat
669 872 797 964 fragor,

220 970 300 1057 Qua
314 972 378 1041 Sol
391 973 596 1065 Hesperium
607 973 835 1068 deproperans
849 973 913 1044 iter

273 1075 413 1143 Immitis
429 1076 504 1145 fera
517 1076 676 1146 Cantabri

222 1177 330 1246 Ferro
349 1179 443 1249 belle
456 1180 550 1249 videt
562 1180 673 1252 innota
690 1179 903 1262 Britannio03

274 1282 342 1351 Vel
360 1305 428 1372 qua
440 1283 623 1352 terribilem
636 1285 751 1375 rigens

223 1383 347 1455 Veloci
361 1387 484 1454 Tanais
499 1386 599 1454 mittit
616 1409 706 1478 equo
724 1386 844 1473 virum,

272 1489 439 1580 Pontique
453 1488 576 1558 efferus
588 1490 718 1576 accola,

199 1582 203 1589 ’
224 1588 335 1659 Vrbes
350 1592 424 1683 ipse
436 1616 511 1662 suas
526 1616 623 1661 urere
637 1593 808 1684 pervicax,

274 1694 315 1762 ln
329 1705 479 1762 nostrum
495 1716 633 1783 quoque
649 1693 790 1762 militem

222 1795 279 1865 Ira
292 1797 395 1866 saevit
409 1806 505 1864 atrox
521 1795 688 1864 exitiabili.

271 1901 318 1968 At
330 1908 369 1968 tu
384 1900 477 1991 pelle
492 1901 603 1968 auimo
620 1906 768 1967 metum:

221 2000 344 2090 Aequa
356 2003 455 2072 lance
469 2002 552 2089 deus
566 2002 722 2095 pondera
734 2001 912 2095 pensitans,

273 2108 365 2174 Nutu
380 2107 564 2175 turbinibus
580 2107 662 2174 feris

224 2207 271 2275 Et
285 2212 436 2298 quamvis
449 2210 585 2279 tumidis
599 2208 755 2280 fluetibus
769 2209 923 2300 imperat.

276 2313 367 2398 Quin
381 2315 474 2382 suavi
487 2313 636 2381 citharae
647 2333 730 2382 sono
744 2342 754 2358 =

224 2413 400 2485 Annosum
414 2417 525 2486 eximii
540 2416 655 2508 pande
671 2415 776 2483 decus
791 2414 887 2501 senis,

277 2519 348 2602 Qui
360 2522 494 2612 Regem
507 2520 636 2610 patriae
651 2523 794 2609 patrem,
881 2561 886 2572 ι

226 2620 296 2708 Qui
311 2632 404 2692 recto
420 2623 563 2714 patriam
577 2622 717 2692 oonsilio
732 2623 857 2706 iuvans,

276 2725 373 2793 Veris
386 2726 498 2817 fulget
515 2725 713 2810 honoribus,

225 2826 317 2896 Dum
335 2851 415 2898 cura
429 2828 524 2920 vigili
538 2827 663 2896 damna
677 2836 774 2897 cavet
790 2825 893 2911 mala,

278 2933 353 3003 Neo
369 2933 464 3024 leges
485 2932 609 3023 populi
626 2956 736 3004 sacras

73 3051 78 3061 ’
99 3050 102 3054 ’
226 3032 453 3105 Firmatamve
470 3035 545 3104 sinit
562 3035 757 3107 foederibus
773 3034 890 3121 fidem,

277 3136 398 3205 Custos
417 3139 565 3228 impiger
580 3137 727 3221 additus,

225 3236 352 3324 Laodi,
373 3256 442 3307 ‘neo
458 3239 588 3306 latitare
605 3247 663 3305 aut
677 3236 785 3307 scelus
800 3245 858 3305 aut
870 3236 973 3306 nefas.

276 3343 378 3410 Illum
394 3363 484 3410 nuno
499 3341 557 3431 pia
572 3340 695 3409 civium

228 3443 479 3533 Gratommque
494 3445 652 3533 frequens
665 3442 766 3513 turba
779 3441 953 3512 clientium

280 3549 369 3617 Cum
383 3549 499 3640 primis
514 3549 637 3640 populi
651 3547 730 3616 viris
794 3544 796 3549 ’

229 3653 470 3738 Circumstant,
496 3675 606 3741 neque
622 3653 736 3735 abest,
761 3649 910 3740 quisquis
932 3648 1088 3720 amicior:

280 3757 327 3825 Et
342 3779 410 3845 quo
427 3757 569 3845 quisque
585 3764 698 3848 potest
709 3752 826 3837 modo,
958 3748 961 3755 ’

229 3860 370 3929 Festum
384 3860 512 3927 laetitia
531 3859 771 3930 concelebrant
786 3857 896 3945 diem,

279 3964 349 4033 Seu
364 3963 455 4032 neoti
472 3962 690 4031 viridantibus

227 4067 344 4137 Remis
357 4076 444 4135 serta
457 4064 561 4152 libet,
586 4067 655 4134 sive
666 4066 804 4156 placent
818 4062 926 4156 magis

280 4170 384 4240 Dulci
396 4170 545 4240 earmina
558 4192 637 4240 oum
650 4167 734 4258 lyra

229 4270 265 4344 0
288 4272 550 4343 Grandaeve
575 4273 733 4357 Senex,
759 4267 1103 4351 carminanosTrnr

280 4377 386 4469 (Nam
401 4376 449 4448 sio
463 4375 620 4451 convenit
634 4374 749 4468 unice)
