2826 4904
266 256 451 357 rnoslr
473 262 538 356 ¹ar
564 293 799 357 rorrrcau
830 294 1102 357 carmonis.
1194 299 1257 363 m

139 492 211 537 non
223 467 322 536 fuisse
341 467 518 537 facturum.
571 465 715 551 Verum,
741 467 803 534 nisi
822 466 941 553 fallor,
973 467 1039 534 alio
1056 468 1161 536 modo
1177 491 1257 538 cae-

138 596 251 641 suram
273 571 368 638 illam
388 573 605 640 conservavit.
656 572 745 638 Nam
759 593 863 659 quum
875 572 910 639 in
930 570 1063 639 duobus
1084 571 1257 643 codicibus

140 675 303 771 φίλοισιν
316 675 469 766 legatur,
494 674 541 740 ita
559 696 636 741 eum
650 674 817 764 scripsisse
837 674 908 742 veri
922 674 1126 755 simillimum
1139 685 1205 743 est:

343 809 405 881 καὶ
425 802 499 902 μήν
515 808 676 907 φίλοισιν
694 804 835 907 οἰκτρός
849 810 989 907 εἰςορᾶν
1001 807 1079 904 a’yoi.

240 946 313 1016 Sed
336 945 412 1013 satis
433 945 561 1014 dictum
577 947 621 1015 de
635 947 791 1015 numeris.
843 947 1026 1035 Reliquum
1049 957 1113 1033 est,
1146 957 1183 1016 ut
1210 947 1255 1015 de
1319 948 1327 963 ’

137 1050 260 1118 ultima
274 1072 397 1141 prosae
413 1058 447 1115 et
464 1050 618 1139 poeticae
634 1051 831 1119 elocutionis
847 1049 1037 1118 differentia
1058 1051 1254 1142 explicetur.

137 1155 193 1222 Ea
211 1176 292 1222 vero
318 1151 429 1244 posita
450 1161 500 1219 est
529 1153 563 1219 in
585 1154 637 1238 vi,
669 1177 773 1243 quam
798 1175 864 1220 vox
884 1175 950 1243 pro
975 1153 1110 1222 diversis
1133 1177 1256 1245 prosae

138 1264 173 1326 et
219 1257 374 1349 poeticae
411 1254 569 1323 orationis
605 1257 726 1324 finibus
767 1255 812 1324 ad
838 1258 965 1324 animos
993 1256 1168 1326 hominum
1182 1257 1255 1325 »ha-

136 1360 208 1427 bet
265 1361 319 1428 Ao
342 1357 502 1447 quoniam
527 1381 649 1450 prosae
678 1359 833 1429 orationis
861 1359 919 1428 hic
946 1370 995 1427 est
1016 1360 1108 1448 finis,
1136 1371 1174 1428 ut
1199 1385 1255 1429 re-

136 1486 216 1531 rum
229 1463 458 1554 cognitionem
474 1470 574 1551 atque
587 1463 843 1556 intelligentiam
862 1462 997 1548 afferat,
1023 1463 1060 1530 id
1086 1465 1120 1532 in
1138 1464 1254 1555 primis

136 1566 248 1637 curari
265 1567 299 1632 in
320 1565 509 1635 elocutione
532 1564 651 1652 debet,
678 1578 715 1635 ut
727 1569 819 1637 clara
833 1567 874 1633 sit
892 1590 958 1634 vox
973 1576 1074 1654 atque
1091 1567 1304 1643 distinctam

136 1670 252 1738 Poesis
274 1679 386 1737 autem
408 1691 513 1757 quum
529 1669 574 1736 ad
593 1693 725 1738 sensum
742 1669 978 1762 pulcritudinis
991 1670 1174 1756 referatur,
1201 1679 1253 1737 at-

137 1795 206 1862 que
226 1773 300 1864 ipsa
331 1793 467 1861 quoque
497 1773 687 1842 elocutione
717 1775 845 1840 animos
872 1794 1085 1842 commovere
1111 1772 1253 1859 studeat,

138 1899 280 1967 operam
294 1876 376 1943 dare
390 1877 536 1965 poterit,
561 1884 617 1961 ut,
644 1877 743 1944 etiam
756 1876 783 1944 si
794 1874 946 1943 nonnihil
960 1876 1163 1967 impediatur
1176 1900 1254 1945 sen·

135 1981 315 2047 tentiamm
336 1979 577 2071 intelligentia,
608 2002 674 2047 vor
693 1990 806 2051 tamen
824 1989 986 2070 quantum
1004 1990 1118 2071 potest
1137 1981 1252 2073 plena,

136 2105 277 2168 sonora,
315 2082 473 2174 grandis,
511 2094 764 2174 coagmentata,
806 2094 839 2151 et
865 2106 956 2174 pene
979 2086 1181 2151 tumultuosa
1209 2083 1255 2150 ad

135 2209 255 2254 aurem
276 2185 416 2254 accidat.
482 2185 716 2270 Quamobrem
737 2209 840 2277 prosa
869 2186 976 2252 oratio
1000 2209 1107 2253 assam
1134 2208 1256 2253 vocem

132 2287 295 2376 requirit,
324 2309 427 2374 quam
448 2307 517 2354 non
537 2287 643 2352 modo
667 2290 715 2356 sic
735 2288 971 2376 intelligimus,
996 2295 1034 2355 ut
1054 2286 1256 2380 symphonia

134 2389 343 2460 musicorum
364 2389 674 2474 instrumentorum,
703 2390 763 2458 sed
791 2390 891 2459 etiam
909 2400 946 2458 ut
968 2391 1108 2458 aliarum
1131 2413 1255 2459 vocum

137 2500 321 2563 concentus
335 2491 430 2558 absit.
480 2491 738 2560 confunduntur
751 2494 839 2562 enim
850 2493 1046 2562 coniunctae
1057 2515 1169 2579 voces,
1192 2518 1254 2563 ne-

136 2620 205 2686 que
233 2594 383 2662 exaudiri
415 2595 492 2662 satis
525 2597 752 2686 cognoscique
780 2596 839 2682 id,
873 2596 968 2686 quod
996 2597 1070 2686 quis
1093 2597 1253 2686 loquitur,

137 2701 257 2768 sinunt.
315 2698 431 2766 Poesis
450 2720 550 2783 vero,
583 2721 670 2785 quae
689 2722 758 2767 non
783 2698 827 2766 ad
852 2699 1096 2792 cognitionem,
1124 2700 1184 2769 sed
1208 2700 1252 2768 ad

137 2801 398 2871 oblectationem
420 2810 500 2892 apta
520 2810 588 2887 est,
614 2823 655 2870 ac
675 2825 776 2895 saepe
795 2805 934 2894 cognita
955 2804 1078 2872 iamet
1099 2805 1253 2873 omnibus
1347 2852 1350 2869 ,

136 2916 217 2974 nota
233 2905 378 2989 canitur,
404 2902 546 2972 densatis
560 2905 699 2974 vocibus
713 2917 746 2974 et
759 2906 961 2998 symphonia
979 2907 1167 2975 confertam
1183 2908 1251 2975 vim
1336 2932 1338 2937 ·

135 3011 172 3077 in
186 3008 313 3075 animos
327 3007 503 3075 hominum
518 3006 672 3081 effimdit.

240 3145 312 3215 Sed
330 3145 418 3214 haec
434 3145 604 3215 haetenus.
656 3145 764 3212 Venio
785 3169 874 3216 nunc
890 3147 934 3214 ad
949 3146 1004 3231 id,
1030 3148 1123 3216 cuius
1137 3168 1254 3215 caussa

136 3246 227 3317 haec
243 3249 349 3316 altera
367 3271 445 3338 pars
466 3247 696 3338 disputationis
712 3248 755 3314 de
769 3271 891 3339 prosae
906 3258 939 3316 et
953 3250 1108 3338 poeticae
1124 3250 1252 3315 oratio-

137 3351 189 3418 nis
207 3351 396 3419 differentia
411 3352 445 3418 in
459 3352 572 3419 lucem
587 3349 704 3417 emissa
719 3358 776 3415 est.
827 3349 1011 3418 indicenda
1027 3360 1077 3418 est
1092 3351 1180 3418 enim
1194 3351 1253 3419 lit-

135 3455 252 3522 teratis
273 3454 373 3522 huius
395 3454 486 3521 urbis
507 3453 633 3523 civibus
656 3452 691 3519 in
715 3450 807 3519 diem
828 3453 904 3520 ΧΗ.
927 3452 1044 3521 Martii
1063 3456 1253 3524 solemnitas

135 3557 297 3647 publicae
319 3558 494 3645 orationis,
528 3580 596 3647 qua
619 3555 858 3624 demandatum
886 3580 995 3648 nuper
1022 3557 1109 3627 mihi
1132 3581 1252 3628 munus

137 3658 339 3729 Ordinariae
353 3661 571 3730 Professionis
585 3660 808 3749 Eloquentiae
823 3662 1051 3752 auspicaturus
1066 3683 1148 3729 sum.
1181 3659 1252 3727 Gu-

134 3763 188 3832 ius
206 3765 356 3851 muneris
376 3766 461 3832 ratio
483 3788 605 3853 quum,
633 3763 687 3830 his
707 3765 901 3855 praesertim
928 3764 1155 3855 temporibuS,
1181 3760 1252 3829 hoe

135 3867 284 3935 maxime
303 3892 324 3934 a
344 3891 400 3935 me
414 3867 568 3938 videatur
587 3867 739 3957 exigere,
760 3876 798 3934 ut
812 3868 921 3936 studia
935 3869 1145 3954 antiquarum
1161 3864 1252 3933 litte-

134 3992 271 4055 rarum,
296 3972 394 4038 nimis
418 3971 478 4038 illa
497 3971 566 4038 iam
595 3971 762 4037 contemni
783 3981 924 4062 coepta,
956 3992 1022 4061 pro
1043 3968 1132 4037 virili
1154 3975 1253 4057 parte

134 4073 240 4159 tueri,
275 4095 439 4163 suumque
467 4072 506 4139 iis
530 4072 699 4140 honorem
724 4096 920 4144 conservare
946 4073 1076 4139 adnitar
1102 4070 1267 4141 oratione

133 4175 213 4262 illa,
239 4177 323 4265 quid
345 4175 416 4245 hoc
433 4175 490 4261 sit,
521 4174 648 4242 litteras
674 4174 888 4246 humaniores
914 4175 1047 4259 colere,
1082 4197 1252 4264 quamque

129 4279 205 4379 'vim
219 4278 363 4367 habeat,
389 4279 540 4351 conabor
555 4277 740 4348 ostendere.
792 4279 863 4348 Sed
881 4287 1015 4370 praeter
1031 4277 1137 4366 haec,
1163 4302 1252 4370 quae
