<?xml version="1.0" encoding="UTF-8"?>
<!DOCTYPE html PUBLIC "-//W3C//DTD XHTML 1.0 Transitional//EN"
    "http://www.w3.org/TR/xhtml1/DTD/xhtml1-transitional.dtd">
<html xmlns="http://www.w3.org/1999/xhtml" xml:lang="en" lang="en">
 <head>
  <title>
</title>
<meta http-equiv="Content-Type" content="text/html;charset=utf-8" />
  <meta name='ocr-system' content='tesseract 3.04.00' />
  <meta name='ocr-capabilities' content='ocr_page ocr_carea ocr_par ocr_line ocrx_word'/>
</head>
<body>
  <div class='ocr_page' id='page_1' title='image "./opuscula02hermgoog/opuscula02hermgoog_0056.png"; bbox 0 0 2826 4904; ppageno 0'>
   <div class='ocr_carea' id='block_1_1' title="bbox 334 305 1204 377">
    <p class='ocr_par' dir='ltr' id='par_1_1' title="bbox 334 305 1204 377">
     <span class='ocr_line' id='line_1_1' title="bbox 334 305 1204 377; baseline 0.013 -11"><span class='ocrx_word' id='word_1_1' title='bbox 334 308 384 370; x_wconf 82' lang='lat' dir='ltr'><strong>DE</strong></span> <span class='ocrx_word' id='word_1_2' title='bbox 405 305 591 371; x_wconf 71' lang='lat' dir='ltr'><strong>nutum</strong></span> <span class='ocrx_word' id='word_1_3' title='bbox 615 305 964 373; x_wconf 75' lang='lat' dir='ltr'><strong>comcosmfflcc</strong></span> <span class='ocrx_word' id='word_1_4' title='bbox 1161 315 1204 377; x_wconf 69' lang='lat'><strong>45</strong></span> 
     </span>
    </p>
   </div>
   <div class='ocr_carea' id='block_1_2' title="bbox 6 480 1203 1810">
    <p class='ocr_par' dir='ltr' id='par_1_2' title="bbox 6 480 1203 1810">
     <span class='ocr_line' id='line_1_2' title="bbox 6 480 1203 570; baseline -0.001 -17"><span class='ocrx_word' id='word_1_5' title='bbox 6 502 8 508; x_wconf 80' lang='grc'>’</span> <span class='ocrx_word' id='word_1_6' title='bbox 82 492 182 570; x_wconf 85' lang='lat' dir='ltr'><strong>nata,</strong></span> <span class='ocrx_word' id='word_1_7' title='bbox 206 483 253 551; x_wconf 87' lang='lat' dir='ltr'><strong>ita</strong></span> <span class='ocrx_word' id='word_1_8' title='bbox 267 506 288 551; x_wconf 90' lang='lat' dir='ltr'><strong>a</strong></span> <span class='ocrx_word' id='word_1_9' title='bbox 301 482 440 552; x_wconf 69' lang='lat' dir='ltr'><strong>verimte</strong></span> <span class='ocrx_word' id='word_1_10' title='bbox 454 480 672 549; x_wconf 86' lang='lat' dir='ltr'><strong>remotissima</strong></span> <span class='ocrx_word' id='word_1_11' title='bbox 684 482 848 552; x_wconf 83' lang='lat' dir='ltr'><strong>videntur.</strong></span> <span class='ocrx_word' id='word_1_12' title='bbox 899 481 1037 552; x_wconf 78' lang='lat' dir='ltr'><strong>Scilicet</strong></span> <span class='ocrx_word' id='word_1_13' title='bbox 1051 505 1203 552; x_wconf 88' lang='lat' dir='ltr'><strong>comme-</strong></span> 
     </span>
     <span class='ocr_line' id='line_1_3' title="bbox 84 576 1203 678; baseline -0.003 -21"><span class='ocrx_word' id='word_1_14' title='bbox 84 588 210 657; x_wconf 86' lang='lat' dir='ltr'><strong>morari</strong></span> <span class='ocrx_word' id='word_1_15' title='bbox 223 587 328 656; x_wconf 89' lang='lat' dir='ltr'><strong>docet</strong></span> <span class='ocrx_word' id='word_1_16' title='bbox 340 583 539 675; x_wconf 86' lang='lat' dir='ltr'><strong>Phryniohi,</strong></span> <span class='ocrx_word' id='word_1_17' title='bbox 565 584 702 669; x_wconf 85' lang='lat' dir='ltr'><strong>Cratini,</strong></span> <span class='ocrx_word' id='word_1_18' title='bbox 731 585 1001 671; x_wconf 83' lang='lat' dir='ltr'><strong>Anaxandridae,</strong></span> <span class='ocrx_word' id='word_1_19' title='bbox 1031 576 1203 678; x_wconf 87' lang='lat' dir='ltr'><strong>Ophelio-</strong></span> 
     </span>
     <span class='ocr_line' id='line_1_4' title="bbox 82 687 1202 781; baseline -0.003 -23"><span class='ocrx_word' id='word_1_20' title='bbox 82 692 151 776; x_wconf 87' lang='lat' dir='ltr'><strong>nis,</strong></span> <span class='ocrx_word' id='word_1_21' title='bbox 176 689 364 781; x_wconf 89' lang='lat' dir='ltr'><strong>lophontis,</strong></span> <span class='ocrx_word' id='word_1_22' title='bbox 389 687 639 777; x_wconf 85' lang='lat' dir='ltr'><strong>Ecpbantidae,</strong></span> <span class='ocrx_word' id='word_1_23' title='bbox 664 689 829 759; x_wconf 82' lang='lat' dir='ltr'><strong>Timoclis</strong></span> <span class='ocrx_word' id='word_1_24' title='bbox 844 691 1051 758; x_wconf 84' lang='lat' dir='ltr'><strong>comicorum</strong></span> <span class='ocrx_word' id='word_1_25' title='bbox 1066 698 1202 777; x_wconf 89' lang='lat' dir='ltr'><strong>satyros.</strong></span> 
     </span>
     <span class='ocr_line' id='line_1_5' title="bbox 83 792 1201 882; baseline -0.005 -19"><span class='ocrx_word' id='word_1_26' title='bbox 83 795 123 863; x_wconf 88' lang='lat' dir='ltr'><strong>Si</strong></span> <span class='ocrx_word' id='word_1_27' title='bbox 141 793 189 860; x_wconf 90' lang='lat' dir='ltr'><strong>ita</strong></span> <span class='ocrx_word' id='word_1_28' title='bbox 215 802 284 878; x_wconf 90' lang='lat' dir='ltr'><strong>est,</strong></span> <span class='ocrx_word' id='word_1_29' title='bbox 316 792 418 861; x_wconf 79' lang='lat' dir='ltr'><strong>facile</strong></span> <span class='ocrx_word' id='word_1_30' title='bbox 430 792 534 859; x_wconf 83' lang='lat' dir='ltr'><strong>victas</strong></span> <span class='ocrx_word' id='word_1_31' title='bbox 546 813 663 858; x_wconf 88' lang='lat' dir='ltr'><strong>manus</strong></span> <span class='ocrx_word' id='word_1_32' title='bbox 675 801 768 859; x_wconf 92' lang='lat' dir='ltr'><strong>tanto</strong></span> <span class='ocrx_word' id='word_1_33' title='bbox 784 793 943 862; x_wconf 85' lang='lat' dir='ltr'><strong>exercitui</strong></span> <span class='ocrx_word' id='word_1_34' title='bbox 953 792 1201 882; x_wconf 79' lang='lat' dir='ltr'><strong>praebebimus.</strong></span> 
     </span>
     <span class='ocr_line' id='line_1_6' title="bbox 82 893 1203 1005; baseline -0.004 -39"><span class='ocrx_word' id='word_1_35' title='bbox 82 897 213 966; x_wconf 84' lang='lat' dir='ltr'><strong>Verum</strong></span> <span class='ocrx_word' id='word_1_36' title='bbox 236 898 319 1005; x_wconf 57' lang='lat' dir='ltr'><strong>antq</strong></span> <span class='ocrx_word' id='word_1_37' title='bbox 336 895 448 962; x_wconf 92' lang='lat' dir='ltr'><strong>omnia</strong></span> <span class='ocrx_word' id='word_1_38' title='bbox 471 893 602 961; x_wconf 92' lang='lat' dir='ltr'><strong>ostendi</strong></span> <span class='ocrx_word' id='word_1_39' title='bbox 620 893 786 980; x_wconf 78' lang='lat' dir='ltr'><strong>debebat,</strong></span> <span class='ocrx_word' id='word_1_40' title='bbox 810 896 888 963; x_wconf 90' lang='lat' dir='ltr'><strong>illos</strong></span> <span class='ocrx_word' id='word_1_41' title='bbox 903 896 1038 963; x_wconf 93' lang='lat' dir='ltr'><strong>omnino</strong></span> <span class='ocrx_word' id='word_1_42' title='bbox 1052 896 1203 986; x_wconf 87' lang='lat' dir='ltr'><strong>potuisse</strong></span> 
     </span>
     <span class='ocr_line' id='line_1_7' title="bbox 83 996 1202 1089; baseline -0.003 -20"><span class='ocrx_word' id='word_1_43' title='bbox 83 1001 233 1069; x_wconf 82' lang='lat' dir='ltr'><strong>scribere</strong></span> <span class='ocrx_word' id='word_1_44' title='bbox 246 1002 389 1088; x_wconf 71' lang='lat' dir='ltr'><strong>sdtyros3</strong></span> <span class='ocrx_word' id='word_1_45' title='bbox 413 1007 485 1064; x_wconf 90' lang='lat' dir='ltr'><strong>tum</strong></span> <span class='ocrx_word' id='word_1_46' title='bbox 499 996 598 1064; x_wconf 87' lang='lat' dir='ltr'><strong>etiam</strong></span> <span class='ocrx_word' id='word_1_47' title='bbox 615 999 800 1087; x_wconf 82' lang='lat' dir='ltr'><strong>scripsisse3</strong></span> <span class='ocrx_word' id='word_1_48' title='bbox 816 997 971 1086; x_wconf 88' lang='lat' dir='ltr'><strong>deniqne,</strong></span> <span class='ocrx_word' id='word_1_49' title='bbox 990 999 1017 1065; x_wconf 88' lang='lat' dir='ltr'><strong>si</strong></span> <span class='ocrx_word' id='word_1_50' title='bbox 1028 999 1202 1089; x_wconf 82' lang='lat' dir='ltr'><strong>scripsere,</strong></span> 
     </span>
     <span class='ocr_line' id='line_1_8' title="bbox 82 1100 1202 1192; baseline -0.004 -20"><span class='ocrx_word' id='word_1_51' title='bbox 82 1103 253 1172; x_wconf 80' lang='lat' dir='ltr'><strong>diversum</strong></span> <span class='ocrx_word' id='word_1_52' title='bbox 269 1100 339 1171; x_wconf 92' lang='lat' dir='ltr'><strong>boc</strong></span> <span class='ocrx_word' id='word_1_53' title='bbox 360 1122 467 1192; x_wconf 74' lang='lat' dir='ltr'><strong>genus</strong></span> <span class='ocrx_word' id='word_1_54' title='bbox 488 1122 509 1166; x_wconf 94' lang='lat' dir='ltr'><strong>a</strong></span> <span class='ocrx_word' id='word_1_55' title='bbox 523 1101 732 1190; x_wconf 76' lang='lat' dir='ltr'><strong>tragicorum</strong></span> <span class='ocrx_word' id='word_1_56' title='bbox 747 1101 863 1190; x_wconf 85' lang='lat' dir='ltr'><strong>satyris</strong></span> <span class='ocrx_word' id='word_1_57' title='bbox 878 1101 989 1168; x_wconf 85' lang='lat' dir='ltr'><strong>fuisse.</strong></span> <span class='ocrx_word' id='word_1_58' title='bbox 1039 1101 1093 1170; x_wconf 91' lang='lat' dir='ltr'><strong>Ac</strong></span> <span class='ocrx_word' id='word_1_59' title='bbox 1108 1101 1202 1191; x_wconf 91' lang='lat' dir='ltr'><strong>quod</strong></span> 
     </span>
     <span class='ocr_line' id='line_1_9' title="bbox 81 1198 1203 1297; baseline -0.003 -23"><span class='ocrx_word' id='word_1_60' title='bbox 81 1207 195 1297; x_wconf 93' lang='lat' dir='ltr'><strong>primo</strong></span> <span class='ocrx_word' id='word_1_61' title='bbox 207 1205 287 1273; x_wconf 93' lang='lat' dir='ltr'><strong>loco</strong></span> <span class='ocrx_word' id='word_1_62' title='bbox 303 1204 456 1272; x_wconf 88' lang='lat' dir='ltr'><strong>dubitare</strong></span> <span class='ocrx_word' id='word_1_63' title='bbox 471 1224 528 1270; x_wconf 92' lang='lat' dir='ltr'><strong>me</strong></span> <span class='ocrx_word' id='word_1_64' title='bbox 545 1201 624 1286; x_wconf 85' lang='lat' dir='ltr'><strong>dixi,</strong></span> <span class='ocrx_word' id='word_1_65' title='bbox 650 1226 693 1270; x_wconf 93' lang='lat' dir='ltr'><strong>an</strong></span> <span class='ocrx_word' id='word_1_66' title='bbox 707 1198 842 1270; x_wconf 75' lang='lat' dir='ltr'><strong>omnini)</strong></span> <span class='ocrx_word' id='word_1_67' title='bbox 856 1205 1003 1272; x_wconf 87' lang='lat' dir='ltr'><strong>s&#39;cribere</strong></span> <span class='ocrx_word' id='word_1_68' title='bbox 1015 1203 1068 1271; x_wconf 90' lang='lat' dir='ltr'><strong>isti</strong></span> <span class='ocrx_word' id='word_1_69' title='bbox 1076 1215 1203 1293; x_wconf 88' lang='lat' dir='ltr'><strong>satyros</strong></span> 
     </span>
     <span class='ocr_line' id='line_1_10' title="bbox 81 1302 1202 1398; baseline -0.004 -20"><span class='ocrx_word' id='word_1_70' title='bbox 81 1302 153 1379; x_wconf 88' lang='lat' dir='ltr'><strong>non</strong></span> <span class='ocrx_word' id='word_1_71' title='bbox 172 1308 358 1398; x_wconf 92' lang='lat' dir='ltr'><strong>potuerint,</strong></span> <span class='ocrx_word' id='word_1_72' title='bbox 383 1306 420 1373; x_wconf 93' lang='lat' dir='ltr'><strong>id</strong></span> <span class='ocrx_word' id='word_1_73' title='bbox 432 1326 500 1372; x_wconf 92' lang='lat' dir='ltr'><strong>non</strong></span> <span class='ocrx_word' id='word_1_74' title='bbox 513 1305 548 1370; x_wconf 94' lang='lat' dir='ltr'><strong>in</strong></span> <span class='ocrx_word' id='word_1_75' title='bbox 562 1327 696 1390; x_wconf 92' lang='lat' dir='ltr'><strong>omnes,</strong></span> <span class='ocrx_word' id='word_1_76' title='bbox 721 1306 782 1374; x_wconf 89' lang='lat' dir='ltr'><strong>sed</strong></span> <span class='ocrx_word' id='word_1_77' title='bbox 797 1308 831 1374; x_wconf 92' lang='lat' dir='ltr'><strong>in</strong></span> <span class='ocrx_word' id='word_1_78' title='bbox 842 1305 907 1374; x_wconf 86' lang='lat' dir='ltr'><strong>hos</strong></span> <span class='ocrx_word' id='word_1_79' title='bbox 918 1316 1048 1374; x_wconf 91' lang='lat' dir='ltr'><strong>tantum</strong></span> <span class='ocrx_word' id='word_1_80' title='bbox 1066 1308 1202 1397; x_wconf 77' lang='lat' dir='ltr'><strong>expetit,</strong></span> 
     </span>
     <span class='ocr_line' id='line_1_11' title="bbox 81 1408 1202 1502; baseline -0.004 -22"><span class='ocrx_word' id='word_1_81' title='bbox 81 1413 143 1502; x_wconf 88' lang='lat' dir='ltr'><strong>qui</strong></span> <span class='ocrx_word' id='word_1_82' title='bbox 162 1411 295 1479; x_wconf 86' lang='lat' dir='ltr'><strong>mediae</strong></span> <span class='ocrx_word' id='word_1_83' title='bbox 312 1412 447 1479; x_wconf 85' lang='lat' dir='ltr'><strong>fuerunt</strong></span> <span class='ocrx_word' id='word_1_84' title='bbox 469 1431 644 1497; x_wconf 83' lang='lat' dir='ltr'><strong>novaeque</strong></span> <span class='ocrx_word' id='word_1_85' title='bbox 656 1408 856 1478; x_wconf 88' lang='lat' dir='ltr'><strong>comoediae</strong></span> <span class='ocrx_word' id='word_1_86' title='bbox 873 1411 1062 1500; x_wconf 81' lang='lat' dir='ltr'><strong>scriptores.</strong></span> <span class='ocrx_word' id='word_1_87' title='bbox 1113 1411 1202 1476; x_wconf 91' lang='lat' dir='ltr'><strong>Nam</strong></span> 
     </span>
     <span class='ocr_line' id='line_1_12' title="bbox 82 1508 1203 1606; baseline -0.002 -25"><span class='ocrx_word' id='word_1_88' title='bbox 82 1508 194 1606; x_wconf 83' lang='lat' dir='ltr'><strong>cboro</strong></span> <span class='ocrx_word' id='word_1_89' title='bbox 205 1515 357 1598; x_wconf 89' lang='lat' dir='ltr'><strong>sublato,</strong></span> <span class='ocrx_word' id='word_1_90' title='bbox 384 1511 429 1581; x_wconf 88' lang='lat' dir='ltr'><strong>de</strong></span> <span class='ocrx_word' id='word_1_91' title='bbox 443 1511 536 1582; x_wconf 87' lang='lat' dir='ltr'><strong>cuius</strong></span> <span class='ocrx_word' id='word_1_92' title='bbox 551 1512 728 1580; x_wconf 90' lang='lat' dir='ltr'><strong>omissione</strong></span> <span class='ocrx_word' id='word_1_93' title='bbox 742 1534 812 1580; x_wconf 92' lang='lat' dir='ltr'><strong>non</strong></span> <span class='ocrx_word' id='word_1_94' title='bbox 825 1513 900 1580; x_wconf 87' lang='lat' dir='ltr'><strong>satis</strong></span> <span class='ocrx_word' id='word_1_95' title='bbox 913 1522 1069 1583; x_wconf 86' lang='lat' dir='ltr'><strong>accurate</strong></span> <span class='ocrx_word' id='word_1_96' title='bbox 1085 1511 1203 1602; x_wconf 85' lang='lat' dir='ltr'><strong>dispu-</strong></span> 
     </span>
     <span class='ocr_line' id='line_1_13' title="bbox 79 1607 1203 1703; baseline -0.004 -16"><span class='ocrx_word' id='word_1_97' title='bbox 79 1607 169 1687; x_wconf 76' lang='lat' dir='ltr'><strong>tasse</strong></span> <span class='ocrx_word' id='word_1_98' title='bbox 180 1617 313 1685; x_wconf 82' lang='lat' dir='ltr'><strong>videtur</strong></span> <span class='ocrx_word' id='word_1_99' title='bbox 326 1614 594 1699; x_wconf 65' lang='lat' dir='ltr'><strong>nichomedus,</strong></span> <span class='ocrx_word' id='word_1_100' title='bbox 620 1615 780 1703; x_wconf 87' lang='lat' dir='ltr'><strong>equidem</strong></span> <span class='ocrx_word' id='word_1_101' title='bbox 794 1638 863 1683; x_wconf 93' lang='lat' dir='ltr'><strong>non</strong></span> <span class='ocrx_word' id='word_1_102' title='bbox 873 1616 988 1701; x_wconf 75' lang='lat' dir='ltr'><strong>video,</strong></span> <span class='ocrx_word' id='word_1_103' title='bbox 1015 1615 1203 1683; x_wconf 81' lang='lat' dir='ltr'><strong>cuiusmodi</strong></span> 
     </span>
     <span class='ocr_line' id='line_1_14' title="bbox 81 1716 1203 1810; baseline -0.006 -20"><span class='ocrx_word' id='word_1_104' title='bbox 81 1744 154 1791; x_wconf 79' lang='lat' dir='ltr'><strong>esse</strong></span> <span class='ocrx_word' id='word_1_105' title='bbox 166 1721 339 1810; x_wconf 85' lang='lat' dir='ltr'><strong>potuerint</strong></span> <span class='ocrx_word' id='word_1_106' title='bbox 352 1718 501 1802; x_wconf 84' lang='lat' dir='ltr'><strong>fabulae,</strong></span> <span class='ocrx_word' id='word_1_107' title='bbox 515 1739 603 1805; x_wconf 89' lang='lat' dir='ltr'><strong>quae</strong></span> <span class='ocrx_word' id='word_1_108' title='bbox 619 1741 640 1784; x_wconf 93' lang='lat' dir='ltr'><strong>a</strong></span> <span class='ocrx_word' id='word_1_109' title='bbox 654 1716 762 1787; x_wconf 88' lang='lat' dir='ltr'><strong>choro</strong></span> <span class='ocrx_word' id='word_1_110' title='bbox 771 1730 959 1808; x_wconf 87' lang='lat' dir='ltr'><strong>satyrorum</strong></span> <span class='ocrx_word' id='word_1_111' title='bbox 972 1718 1135 1807; x_wconf 73' lang='lat' dir='ltr'><strong>satyricae</strong></span> <span class='ocrx_word' id='word_1_112' title='bbox 1148 1717 1203 1783; x_wconf 87' lang='lat' dir='ltr'><strong>di-</strong></span> 
     </span>
    </p>
   </div>
   <div class='ocr_carea' id='block_1_3' title="bbox 75 1820 1203 2434">
    <p class='ocr_par' dir='ltr' id='par_1_3' title="bbox 75 1820 1203 2434">
     <span class='ocr_line' id='line_1_15' title="bbox 81 1820 1203 1911; baseline -0.005 -17"><span class='ocrx_word' id='word_1_113' title='bbox 81 1826 253 1894; x_wconf 85' lang='lat' dir='ltr'><strong>cebantur.</strong></span> <span class='ocrx_word' id='word_1_114' title='bbox 305 1820 378 1890; x_wconf 86' lang='lat' dir='ltr'><strong>Sed</strong></span> <span class='ocrx_word' id='word_1_115' title='bbox 391 1820 462 1889; x_wconf 92' lang='lat' dir='ltr'><strong>hoc</strong></span> <span class='ocrx_word' id='word_1_116' title='bbox 475 1843 554 1887; x_wconf 88' lang='lat' dir='ltr'><strong>sane</strong></span> <span class='ocrx_word' id='word_1_117' title='bbox 567 1840 635 1887; x_wconf 91' lang='lat' dir='ltr'><strong>non</strong></span> <span class='ocrx_word' id='word_1_118' title='bbox 646 1822 756 1911; x_wconf 84' lang='lat' dir='ltr'><strong>tangit</strong></span> <span class='ocrx_word' id='word_1_119' title='bbox 770 1822 980 1910; x_wconf 86' lang='lat' dir='ltr'><strong>antiquiores,</strong></span> <span class='ocrx_word' id='word_1_120' title='bbox 1003 1830 1041 1890; x_wconf 90' lang='lat' dir='ltr'><strong>ut</strong></span> <span class='ocrx_word' id='word_1_121' title='bbox 1054 1820 1203 1910; x_wconf 87' lang='lat' dir='ltr'><strong>Phryni-</strong></span> 
     </span>
     <span class='ocr_line' id='line_1_16' title="bbox 81 1923 1201 2017; baseline -0.004 -21"><span class='ocrx_word' id='word_1_122' title='bbox 81 1926 204 2012; x_wconf 88' lang='lat' dir='ltr'><strong>chum,</strong></span> <span class='ocrx_word' id='word_1_123' title='bbox 231 1925 423 2009; x_wconf 86' lang='lat' dir='ltr'><strong>Cratinum,</strong></span> <span class='ocrx_word' id='word_1_124' title='bbox 449 1923 712 2013; x_wconf 87' lang='lat' dir='ltr'><strong>Ecphantidcm.</strong></span> <span class='ocrx_word' id='word_1_125' title='bbox 764 1924 883 2015; x_wconf 89' lang='lat' dir='ltr'><strong>Itaque</strong></span> <span class='ocrx_word' id='word_1_126' title='bbox 903 1948 972 2015; x_wconf 93' lang='lat' dir='ltr'><strong>quo</strong></span> <span class='ocrx_word' id='word_1_127' title='bbox 1000 1932 1201 2017; x_wconf 75' lang='lat' dir='ltr'><strong>argumento</strong></span> 
     </span>
     <span class='ocr_line' id='line_1_17' title="bbox 78 2026 1202 2118; baseline -0.004 -19"><span class='ocrx_word' id='word_1_128' title='bbox 78 2029 145 2098; x_wconf 90' lang='lat' dir='ltr'><strong>hos</strong></span> <span class='ocrx_word' id='word_1_129' title='bbox 163 2029 372 2099; x_wconf 86' lang='lat' dir='ltr'><strong>censebimus</strong></span> <span class='ocrx_word' id='word_1_130' title='bbox 392 2037 519 2118; x_wconf 88' lang='lat' dir='ltr'><strong>satyros</strong></span> <span class='ocrx_word' id='word_1_131' title='bbox 541 2027 735 2118; x_wconf 81' lang='lat' dir='ltr'><strong>scripsisse?</strong></span> <span class='ocrx_word' id='word_1_132' title='bbox 766 2026 895 2097; x_wconf 84' lang='lat' dir='ltr'><strong>Mnnm</strong></span> <span class='ocrx_word' id='word_1_133' title='bbox 916 2052 1015 2115; x_wconf 85' lang='lat' dir='ltr'><strong>vero,</strong></span> <span class='ocrx_word' id='word_1_134' title='bbox 1042 2029 1086 2095; x_wconf 91' lang='lat' dir='ltr'><strong>ab</strong></span> <span class='ocrx_word' id='word_1_135' title='bbox 1104 2027 1202 2096; x_wconf 89' lang='lat' dir='ltr'><strong>nullo</strong></span> 
     </span>
     <span class='ocr_line' id='line_1_18' title="bbox 79 2130 1203 2221; baseline -0.004 -18"><span class='ocrx_word' id='word_1_136' title='bbox 79 2143 233 2203; x_wconf 82' lang='lat' dir='ltr'><strong>veterum</strong></span> <span class='ocrx_word' id='word_1_137' title='bbox 261 2134 463 2221; x_wconf 88' lang='lat' dir='ltr'><strong>scriptomm</strong></span> <span class='ocrx_word' id='word_1_138' title='bbox 484 2131 555 2200; x_wconf 86' lang='lat' dir='ltr'><strong>boc</strong></span> <span class='ocrx_word' id='word_1_139' title='bbox 582 2131 731 2198; x_wconf 86' lang='lat' dir='ltr'><strong>disertim</strong></span> <span class='ocrx_word' id='word_1_140' title='bbox 748 2132 909 2199; x_wconf 89' lang='lat' dir='ltr'><strong>traditum</strong></span> <span class='ocrx_word' id='word_1_141' title='bbox 929 2155 1020 2215; x_wconf 89' lang='lat' dir='ltr'><strong>esse,</strong></span> <span class='ocrx_word' id='word_1_142' title='bbox 1052 2130 1203 2199; x_wconf 86' lang='lat' dir='ltr'><strong>comicos</strong></span> 
     </span>
     <span class='ocr_line' id='line_1_19' title="bbox 77 2230 1203 2327; baseline -0.004 -25"><span class='ocrx_word' id='word_1_143' title='bbox 77 2248 219 2327; x_wconf 84' lang='lat' dir='ltr'><strong>quoqne</strong></span> <span class='ocrx_word' id='word_1_144' title='bbox 240 2234 372 2301; x_wconf 84' lang='lat' dir='ltr'><strong>fabulas</strong></span> <span class='ocrx_word' id='word_1_145' title='bbox 392 2233 512 2299; x_wconf 89' lang='lat' dir='ltr'><strong>fecisse</strong></span> <span class='ocrx_word' id='word_1_146' title='bbox 532 2235 700 2318; x_wconf 78' lang='lat' dir='ltr'><strong>satyricus.</strong></span> <span class='ocrx_word' id='word_1_147' title='bbox 751 2231 881 2299; x_wconf 87' lang='lat' dir='ltr'><strong>Mirum</strong></span> <span class='ocrx_word' id='word_1_148' title='bbox 902 2234 1023 2316; x_wconf 90' lang='lat' dir='ltr'><strong>etiam,</strong></span> <span class='ocrx_word' id='word_1_149' title='bbox 1057 2230 1151 2320; x_wconf 92' lang='lat' dir='ltr'><strong>quod</strong></span> <span class='ocrx_word' id='word_1_150' title='bbox 1167 2232 1203 2298; x_wconf 91' lang='lat' dir='ltr'><strong>in</strong></span> 
     </span>
     <span class='ocr_line' id='line_1_20' title="bbox 75 2331 1203 2434; baseline -0.006 -26"><span class='ocrx_word' id='word_1_151' title='bbox 75 2347 174 2408; x_wconf 87' lang='lat' dir='ltr'><strong>tanta</strong></span> <span class='ocrx_word' id='word_1_152' title='bbox 190 2335 398 2434; x_wconf 86' lang='lat' dir='ltr'><strong>comicorum</strong></span> <span class='ocrx_word' id='word_1_153' title='bbox 412 2331 624 2398; x_wconf 88' lang='lat' dir='ltr'><strong>multitudine</strong></span> <span class='ocrx_word' id='word_1_154' title='bbox 636 2333 800 2421; x_wconf 87' lang='lat' dir='ltr'><strong>perpauci</strong></span> <span class='ocrx_word' id='word_1_155' title='bbox 812 2343 940 2401; x_wconf 88' lang='lat' dir='ltr'><strong>tautum</strong></span> <span class='ocrx_word' id='word_1_156' title='bbox 955 2344 1039 2419; x_wconf 91' lang='lat' dir='ltr'><strong>sunt,</strong></span> <span class='ocrx_word' id='word_1_157' title='bbox 1056 2356 1203 2423; x_wconf 92' lang='lat' dir='ltr'><strong>quornm</strong></span> 
     </span>
    </p>
   </div>
   <div class='ocr_carea' id='block_1_4' title="bbox 26 2433 1220 3561">
    <p class='ocr_par' dir='ltr' id='par_1_4' title="bbox 26 2433 1220 3561">
     <span class='ocr_line' id='line_1_21' title="bbox 78 2433 1202 2531; baseline -0.007 -20"><span class='ocrx_word' id='word_1_158' title='bbox 78 2440 184 2531; x_wconf 78' lang='lat' dir='ltr'><strong>satyri</strong></span> <span class='ocrx_word' id='word_1_159' title='bbox 213 2445 459 2518; x_wconf 89' lang='lat' dir='ltr'><strong>memorantur,</strong></span> <span class='ocrx_word' id='word_1_160' title='bbox 494 2433 529 2500; x_wconf 91' lang='lat' dir='ltr'><strong>in</strong></span> <span class='ocrx_word' id='word_1_161' title='bbox 560 2433 665 2522; x_wconf 89' lang='lat' dir='ltr'><strong>iisque</strong></span> <span class='ocrx_word' id='word_1_162' title='bbox 699 2456 783 2502; x_wconf 90' lang='lat' dir='ltr'><strong>unus</strong></span> <span class='ocrx_word' id='word_1_163' title='bbox 808 2436 982 2504; x_wconf 83' lang='lat' dir='ltr'><strong>dumtaxat</strong></span> <span class='ocrx_word' id='word_1_164' title='bbox 1005 2437 1202 2521; x_wconf 88' lang='lat' dir='ltr'><strong>-Timocles,</strong></span> 
     </span>
     <span class='ocr_line' id='line_1_22' title="bbox 80 2535 1220 2632; baseline -0.005 -20"><span class='ocrx_word' id='word_1_165' title='bbox 80 2545 175 2617; x_wconf 82' lang='lat' dir='ltr'><strong>cuius</strong></span> <span class='ocrx_word' id='word_1_166' title='bbox 213 2541 312 2610; x_wconf 88' lang='lat' dir='ltr'><strong>lcarii</strong></span> <span class='ocrx_word' id='word_1_167' title='bbox 343 2538 457 2628; x_wconf 79' lang='lat' dir='ltr'><strong>satyri·</strong></span> <span class='ocrx_word' id='word_1_168' title='bbox 473 2535 597 2604; x_wconf 88' lang='lat' dir='ltr'><strong>eodem</strong></span> <span class='ocrx_word' id='word_1_169' title='bbox 631 2536 756 2622; x_wconf 90' lang='lat' dir='ltr'><strong>modo,</strong></span> <span class='ocrx_word' id='word_1_170' title='bbox 790 2561 860 2627; x_wconf 93' lang='lat' dir='ltr'><strong>quo</strong></span> <span class='ocrx_word' id='word_1_171' title='bbox 890 2539 924 2606; x_wconf 91' lang='lat' dir='ltr'><strong>in</strong></span> <span class='ocrx_word' id='word_1_172' title='bbox 958 2540 1094 2632; x_wconf 82' lang='lat' dir='ltr'><strong>tragicis</strong></span> <span class='ocrx_word' id='word_1_173' title='bbox 1112 2540 1220 2622; x_wconf 45' lang='lat' dir='ltr'><strong>,fieri’</strong></span> 
     </span>
     <span class='ocr_line' id='line_1_23' title="bbox 81 2640 1202 2732; baseline -0.005 -16"><span class='ocrx_word' id='word_1_174' title='bbox 81 2649 187 2732; x_wconf 88' lang='lat' dir='ltr'><strong>solet,</strong></span> <span class='ocrx_word' id='word_1_175' title='bbox 220 2665 310 2712; x_wconf 90' lang='lat' dir='ltr'><strong>nunc</strong></span> <span class='ocrx_word' id='word_1_176' title='bbox 329 2641 534 2731; x_wconf 84' lang='lat' dir='ltr'><strong>simpliciter</strong></span> <span class='ocrx_word' id='word_1_177' title='bbox 564 2640 678 2724; x_wconf 90' lang='lat' dir='ltr'><strong>Icarii,</strong></span> <span class='ocrx_word' id='word_1_178' title='bbox 710 2663 799 2709; x_wconf 92' lang='lat' dir='ltr'><strong>nunc</strong></span> <span class='ocrx_word' id='word_1_179' title='bbox 827 2642 925 2711; x_wconf 86' lang='lat' dir='ltr'><strong>lcarii</strong></span> <span class='ocrx_word' id='word_1_180' title='bbox 952 2644 1052 2732; x_wconf 77' lang='lat' dir='ltr'><strong>satyri</strong></span> <span class='ocrx_word' id='word_1_181' title='bbox 1080 2641 1202 2711; x_wconf 92' lang='lat' dir='ltr'><strong>dicun-</strong></span> 
     </span>
     <span class='ocr_line' id='line_1_24' title="bbox 79 2742 1201 2834; baseline -0.004 -18"><span class='ocrx_word' id='word_1_182' title='bbox 79 2760 142 2820; x_wconf 88' lang='lat' dir='ltr'><strong>tur.</strong></span> <span class='ocrx_word' id='word_1_183' title='bbox 203 2748 418 2834; x_wconf 83' lang='lat' dir='ltr'><strong>Quamquam</strong></span> <span class='ocrx_word' id='word_1_184' title='bbox 438 2765 507 2810; x_wconf 91' lang='lat' dir='ltr'><strong>non</strong></span> <span class='ocrx_word' id='word_1_185' title='bbox 533 2742 667 2810; x_wconf 87' lang='lat' dir='ltr'><strong>videtur</strong></span> <span class='ocrx_word' id='word_1_186' title='bbox 699 2767 740 2810; x_wconf 89' lang='lat' dir='ltr'><strong>ea</strong></span> <span class='ocrx_word' id='word_1_187' title='bbox 762 2743 862 2814; x_wconf 90' lang='lat' dir='ltr'><strong>buius</strong></span> <span class='ocrx_word' id='word_1_188' title='bbox 888 2744 1008 2813; x_wconf 88' lang='lat' dir='ltr'><strong>indicis</strong></span> <span class='ocrx_word' id='word_1_189' title='bbox 1038 2769 1110 2815; x_wconf 90' lang='lat' dir='ltr'><strong>esse</strong></span> <span class='ocrx_word' id='word_1_190' title='bbox 1140 2745 1201 2831; x_wconf 76' lang='lat' dir='ltr'><strong>tis,</strong></span> 
     </span>
     <span class='ocr_line' id='line_1_25' title="bbox 26 2845 1201 2939; baseline -0.005 -17"><span class='ocrx_word' id='word_1_191' title='bbox 26 2915 30 2921; x_wconf 95' lang='lat'><strong>.</strong></span> <span class='ocrx_word' id='word_1_192' title='bbox 80 2860 134 2939; x_wconf 91' lang='lat' dir='ltr'><strong>ut,</strong></span> <span class='ocrx_word' id='word_1_193' title='bbox 176 2852 204 2919; x_wconf 89' lang='lat' dir='ltr'><strong>si</strong></span> <span class='ocrx_word' id='word_1_194' title='bbox 234 2850 301 2918; x_wconf 88' lang='lat' dir='ltr'><strong>alia</strong></span> <span class='ocrx_word' id='word_1_195' title='bbox 331 2849 480 2931; x_wconf 85' lang='lat' dir='ltr'><strong>obstent,</strong></span> <span class='ocrx_word' id='word_1_196' title='bbox 515 2845 641 2913; x_wconf 82' lang='lat' dir='ltr'><strong>Icarios</strong></span> <span class='ocrx_word' id='word_1_197' title='bbox 680 2845 834 2916; x_wconf 84' lang='lat' dir='ltr'><strong>fabulam</strong></span> <span class='ocrx_word' id='word_1_198' title='bbox 871 2849 1048 2938; x_wconf 88' lang='lat' dir='ltr'><strong>satyricam</strong></span> <span class='ocrx_word' id='word_1_199' title='bbox 1080 2860 1201 2939; x_wconf 87' lang='lat' dir='ltr'><strong>putare</strong></span> 
     </span>
     <span class='ocr_line' id='line_1_26' title="bbox 81 2949 1201 3048; baseline -0.005 -24"><span class='ocrx_word' id='word_1_200' title='bbox 81 2963 246 3048; x_wconf 85' lang='lat' dir='ltr'><strong>oporteat.</strong></span> <span class='ocrx_word' id='word_1_201' title='bbox 297 2950 451 3034; x_wconf 87' lang='lat' dir='ltr'><strong>Etenim,</strong></span> <span class='ocrx_word' id='word_1_202' title='bbox 482 2949 545 3015; x_wconf 90' lang='lat' dir='ltr'><strong>nisi</strong></span> <span class='ocrx_word' id='word_1_203' title='bbox 576 2969 788 3039; x_wconf 85' lang='lat' dir='ltr'><strong>magnopere</strong></span> <span class='ocrx_word' id='word_1_204' title='bbox 814 2951 936 3037; x_wconf 81' lang='lat' dir='ltr'><strong>fallor,</strong></span> <span class='ocrx_word' id='word_1_205' title='bbox 972 2961 1007 3020; x_wconf 91' lang='lat' dir='ltr'><strong>et</strong></span> <span class='ocrx_word' id='word_1_206' title='bbox 1034 2952 1201 3020; x_wconf 87' lang='lat' dir='ltr'><strong>Timoclis</strong></span> 
     </span>
     <span class='ocr_line' id='line_1_27' title="bbox 80 3051 1201 3144; baseline -0.006 -16"><span class='ocrx_word' id='word_1_207' title='bbox 80 3058 197 3142; x_wconf 85' lang='lat' dir='ltr'><strong>Icarii,</strong></span> <span class='ocrx_word' id='word_1_208' title='bbox 233 3064 268 3123; x_wconf 90' lang='lat' dir='ltr'><strong>et</strong></span> <span class='ocrx_word' id='word_1_209' title='bbox 297 3053 502 3144; x_wconf 90' lang='lat' dir='ltr'><strong>quicumque</strong></span> <span class='ocrx_word' id='word_1_210' title='bbox 524 3051 676 3120; x_wconf 83' lang='lat' dir='ltr'><strong>&#39;uliomm</strong></span> <span class='ocrx_word' id='word_1_211' title='bbox 711 3064 1018 3123; x_wconf 87' lang='lat' dir='ltr'><strong>commemorantur</strong></span> <span class='ocrx_word' id='word_1_212' title='bbox 1047 3056 1201 3124; x_wconf 89' lang='lat' dir='ltr'><strong>comico-</strong></span> 
     </span>
     <span class='ocr_line' id='line_1_28' title="bbox 80 3154 1201 3248; baseline -0.008 -17"><span class='ocrx_word' id='word_1_213' title='bbox 80 3170 157 3230; x_wconf 85' lang='lat' dir='ltr'><strong>rum</strong></span> <span class='ocrx_word' id='word_1_214' title='bbox 186 3161 304 3248; x_wconf 90' lang='lat' dir='ltr'><strong>satyri,</strong></span> <span class='ocrx_word' id='word_1_215' title='bbox 337 3154 706 3225; x_wconf 75' lang='lat' dir='ltr'><strong>comoediae-fuerunt.</strong></span> <span class='ocrx_word' id='word_1_216' title='bbox 757 3157 909 3225; x_wconf 89' lang='lat' dir='ltr'><strong>Primum</strong></span> <span class='ocrx_word' id='word_1_217' title='bbox 936 3158 1024 3226; x_wconf 89' lang='lat' dir='ltr'><strong>enim</strong></span> <span class='ocrx_word' id='word_1_218' title='bbox 1048 3179 1118 3224; x_wconf 94' lang='lat' dir='ltr'><strong>non</strong></span> <span class='ocrx_word' id='word_1_219' title='bbox 1142 3178 1201 3223; x_wconf 89' lang='lat' dir='ltr'><strong>so-</strong></span> 
     </span>
     <span class='ocr_line' id='line_1_29' title="bbox 80 3252 1199 3350; baseline -0.002 -18"><span class='ocrx_word' id='word_1_220' title='bbox 80 3266 150 3334; x_wconf 88' lang='lat' dir='ltr'><strong>lent</strong></span> <span class='ocrx_word' id='word_1_221' title='bbox 165 3263 236 3332; x_wconf 88' lang='lat' dir='ltr'><strong>loci</strong></span> <span class='ocrx_word' id='word_1_222' title='bbox 252 3284 273 3329; x_wconf 86' lang='lat' dir='ltr'><strong>e</strong></span> <span class='ocrx_word' id='word_1_223' title='bbox 288 3258 412 3328; x_wconf 84' lang='lat' dir='ltr'><strong>fabulis</strong></span> <span class='ocrx_word' id='word_1_224' title='bbox 425 3257 573 3346; x_wconf 85' lang='lat' dir='ltr'><strong>satyricis</strong></span> <span class='ocrx_word' id='word_1_225' title='bbox 588 3258 635 3327; x_wconf 91' lang='lat' dir='ltr'><strong>sic</strong></span> <span class='ocrx_word' id='word_1_226' title='bbox 662 3257 793 3344; x_wconf 85' lang='lat' dir='ltr'><strong>afferri,</strong></span> <span class='ocrx_word' id='word_1_227' title='bbox 820 3269 859 3328; x_wconf 92' lang='lat' dir='ltr'><strong>nt</strong></span> <span class='ocrx_word' id='word_1_228' title='bbox 876 3260 1070 3350; x_wconf 89' lang='lat' dir='ltr'><strong>simpliciter</strong></span> <span class='ocrx_word' id='word_1_229' title='bbox 1091 3252 1199 3330; x_wconf 74' lang='lat' dir='ltr'><strong>odav-</strong></span> 
     </span>
     <span class='ocr_line' id='line_1_30' title="bbox 81 3360 1201 3464; baseline -0.004 -30"><span class='ocrx_word' id='word_1_230' title='bbox 81 3394 152 3464; x_wconf 78' lang='grc' dir='ltr'><strong><em>ροι,</em></strong></span> <span class='ocrx_word' id='word_1_231' title='bbox 178 3361 449 3434; x_wconf 79' lang='lat' dir='ltr'><strong>omisscnon&#39;rine</strong></span> <span class='ocrx_word' id='word_1_232' title='bbox 465 3360 620 3443; x_wconf 85' lang='lat' dir='ltr'><strong>fabulae,</strong></span> <span class='ocrx_word' id='word_1_233' title='bbox 646 3370 960 3429; x_wconf 89' lang='lat' dir='ltr'><strong>commemorentur.</strong></span> <span class='ocrx_word' id='word_1_234' title='bbox 1010 3361 1201 3451; x_wconf 81' lang='lat' dir='ltr'><strong>Disputavit</strong></span> 
     </span>
     <span class='ocr_line' id='line_1_31' title="bbox 79 3461 1201 3561; baseline -0.006 -22"><span class='ocrx_word' id='word_1_235' title='bbox 79 3469 248 3561; x_wconf 88' lang='lat' dir='ltr'><strong>quaedam</strong></span> <span class='ocrx_word' id='word_1_236' title='bbox 270 3464 458 3533; x_wconf 86' lang='lat' dir='ltr'><strong>debuere</strong></span> <span class='ocrx_word' id='word_1_237' title='bbox 481 3461 698 3531; x_wconf 87' lang='lat' dir='ltr'><strong>Casanbonus</strong></span> <span class='ocrx_word' id='word_1_238' title='bbox 719 3464 764 3532; x_wconf 91' lang='lat' dir='ltr'><strong>ad</strong></span> <span class='ocrx_word' id='word_1_239' title='bbox 785 3465 1000 3534; x_wconf 87' lang='lat' dir='ltr'><strong>Athenaeum</strong></span> <span class='ocrx_word' id='word_1_240' title='bbox 1015 3463 1149 3556; x_wconf 59' lang='lat' dir='ltr'><strong>pata.</strong></span> <span class='ocrx_word' id='word_1_241' title='bbox 1166 3474 1201 3533; x_wconf 90' lang='lat' dir='ltr'><strong>et</strong></span> 
     </span>
    </p>
   </div>
   <div class='ocr_carea' id='block_1_5' title="bbox 80 3561 1306 3662">
    <p class='ocr_par' dir='ltr' id='par_1_5' title="bbox 80 3561 1306 3662">
     <span class='ocr_line' id='line_1_32' title="bbox 80 3561 1306 3662; baseline -0.007 -21"><span class='ocrx_word' id='word_1_242' title='bbox 80 3574 126 3641; x_wconf 89' lang='lat' dir='ltr'><strong>de</strong></span> <span class='ocrx_word' id='word_1_243' title='bbox 144 3574 243 3662; x_wconf 87' lang='lat' dir='ltr'><strong>poesi</strong></span> <span class='ocrx_word' id='word_1_244' title='bbox 257 3568 400 3658; x_wconf 89' lang='lat' dir='ltr'><strong>satyrica</strong></span> <span class='ocrx_word' id='word_1_245' title='bbox 419 3589 466 3656; x_wconf 93' lang='lat' dir='ltr'><strong>p..</strong></span> <span class='ocrx_word' id='word_1_246' title='bbox 478 3564 563 3632; x_wconf 79' lang='lat'><strong>131.</strong></span> <span class='ocrx_word' id='word_1_247' title='bbox 585 3575 620 3633; x_wconf 89' lang='lat' dir='ltr'><strong>et</strong></span> <span class='ocrx_word' id='word_1_248' title='bbox 639 3561 738 3651; x_wconf 74' lang='lat'><strong>135,</strong></span> <span class='ocrx_word' id='word_1_249' title='bbox 758 3567 819 3635; x_wconf 91' lang='lat' dir='ltr'><strong>sed</strong></span> <span class='ocrx_word' id='word_1_250' title='bbox 832 3591 901 3637; x_wconf 92' lang='lat' dir='ltr'><strong>non</strong></span> <span class='ocrx_word' id='word_1_251' title='bbox 917 3569 994 3636; x_wconf 89' lang='lat' dir='ltr'><strong>satis</strong></span> <span class='ocrx_word' id='word_1_252' title='bbox 1007 3569 1198 3660; x_wconf 82' lang='lat' dir='ltr'><strong>diligenter.</strong></span> <span class='ocrx_word' id='word_1_253' title='bbox 1304 3584 1306 3588; x_wconf 83' lang='grc'><strong>’</strong></span> 
     </span>
    </p>
   </div>
   <div class='ocr_carea' id='block_1_6' title="bbox 77 3669 1246 4084">
    <p class='ocr_par' dir='ltr' id='par_1_6' title="bbox 77 3669 1246 4084">
     <span class='ocr_line' id='line_1_33' title="bbox 79 3669 1198 3761; baseline -0.023 -16"><span class='ocrx_word' id='word_1_254' title='bbox 79 3676 222 3761; x_wconf 82' lang='lat' dir='ltr'><strong>Quaein</strong></span> <span class='ocrx_word' id='word_1_255' title='bbox 233 3673 324 3742; x_wconf 90' lang='lat' dir='ltr'><strong>hanc</strong></span> <span class='ocrx_word' id='word_1_256' title='bbox 333 3694 405 3740; x_wconf 90' lang='lat' dir='ltr'><strong>rem</strong></span> <span class='ocrx_word' id='word_1_257' title='bbox 414 3669 528 3736; x_wconf 88' lang='lat' dir='ltr'><strong>afferri</strong></span> <span class='ocrx_word' id='word_1_258' title='bbox 539 3680 688 3758; x_wconf 89' lang='lat' dir='ltr'><strong>possunt,</strong></span> <span class='ocrx_word' id='word_1_259' title='bbox 710 3670 799 3740; x_wconf 81' lang='lat' dir='ltr'><strong>haec</strong></span> <span class='ocrx_word' id='word_1_260' title='bbox 812 3672 919 3740; x_wconf 72' lang='lat' dir='ltr'><strong>ferme</strong></span> <span class='ocrx_word' id='word_1_261' title='bbox 932 3680 1016 3739; x_wconf 73' lang='lat' dir='ltr'><strong>sunt,</strong></span> <span class='ocrx_word' id='word_1_262' title='bbox 1040 3670 1198 3759; x_wconf 62' lang='lat' dir='ltr'><strong>Aeschy.</strong></span> 
     </span>
     <span class='ocr_line' id='line_1_34' title="bbox 78 3769 1246 3872; baseline -0.009 -26"><span class='ocrx_word' id='word_1_263' title='bbox 78 3780 151 3848; x_wconf 90' lang='lat' dir='ltr'><strong>lum</strong></span> <span class='ocrx_word' id='word_1_264' title='bbox 164 3779 199 3844; x_wconf 93' lang='lat' dir='ltr'><strong>in</strong></span> <span class='ocrx_word' id='word_1_265' title='bbox 216 3774 396 3872; x_wconf 78' lang='grc' dir='ltr'><strong><em>σατυρικῷ</em></strong></span> <span class='ocrx_word' id='word_1_266' title='bbox 411 3772 708 3860; x_wconf 85' lang='lat' dir='ltr'><strong>affertHesyehins</strong></span> <span class='ocrx_word' id='word_1_267' title='bbox 722 3775 758 3841; x_wconf 89' lang='lat' dir='ltr'><strong>in</strong></span> <span class='ocrx_word' id='word_1_268' title='bbox 772 3798 803 3840; x_wconf 86' lang='lat' dir='ltr'><strong>v.</strong></span> <span class='ocrx_word' id='word_1_269' title='bbox 817 3769 1035 3869; x_wconf 76' lang='lat' dir='ltr'><strong>duopaiitoat</strong></span> <span class='ocrx_word' id='word_1_270' title='bbox 1059 3771 1152 3839; x_wconf 90' lang='lat' dir='ltr'><strong>idem</strong></span> <span class='ocrx_word' id='word_1_271' title='bbox 1163 3773 1199 3839; x_wconf 90' lang='lat' dir='ltr'><strong>in</strong></span> <span class='ocrx_word' id='word_1_272' title='bbox 1242 3791 1246 3798; x_wconf 88' lang='lat'><strong>·</strong></span> 
     </span>
     <span class='ocr_line' id='line_1_35' title="bbox 77 3874 1196 3978; baseline -0.03 -10"><span class='ocrx_word' id='word_1_273' title='bbox 77 3907 108 3950; x_wconf 80' lang='lat' dir='ltr'><strong>V·</strong></span> <span class='ocrx_word' id='word_1_274' title='bbox 118 3877 271 3978; x_wconf 65' lang='lat' dir='ltr'><strong>ddo‘oydc</strong></span> <span class='ocrx_word' id='word_1_275' title='bbox 283 3876 387 3968; x_wconf 80' lang='grc' dir='ltr'><em>ὄμμα</em></span> <span class='ocrx_word' id='word_1_276' title='bbox 397 3874 870 3972; x_wconf 76' lang='lat' dir='ltr'><strong>Sophocleminooavpa&#39;oap.</strong></span> <span class='ocrx_word' id='word_1_277' title='bbox 896 3874 1120 3946; x_wconf 87' lang='lat' dir='ltr'><strong>Scribendum</strong></span> <span class='ocrx_word' id='word_1_278' title='bbox 1135 3900 1196 3947; x_wconf 73' lang='grc' dir='ltr'><strong>σα.</strong></span> 
     </span>
     <span class='ocr_line' id='line_1_36' title="bbox 77 3975 1197 4084; baseline -0.012 -24"><span class='ocrx_word' id='word_1_279' title='bbox 77 3983 233 4084; x_wconf 60' lang='lat' dir='ltr'><strong>capanei,</strong></span> <span class='ocrx_word' id='word_1_280' title='bbox 258 3978 441 4074; x_wconf 90' lang='lat' dir='ltr'><strong>quodiam</strong></span> <span class='ocrx_word' id='word_1_281' title='bbox 463 3978 601 4048; x_wconf 84' lang='lat' dir='ltr'><strong>volebat</strong></span> <span class='ocrx_word' id='word_1_282' title='bbox 614 3977 835 4050; x_wconf 75' lang='lat' dir='ltr'><strong>casaubonus</strong></span> <span class='ocrx_word' id='word_1_283' title='bbox 858 3975 903 4072; x_wconf 86' lang='lat'><strong>1).</strong></span> <span class='ocrx_word' id='word_1_284' title='bbox 955 3979 1029 4048; x_wconf 89' lang='lat' dir='ltr'><strong>Nec</strong></span> <span class='ocrx_word' id='word_1_285' title='bbox 1046 3977 1197 4064; x_wconf 89' lang='lat' dir='ltr'><strong>dubium,</strong></span> 
     </span>
    </p>
   </div>
   <div class='ocr_carea' id='block_1_7' title="bbox 80 4192 288 4208">
    <p class='ocr_par' dir='ltr' id='par_1_7' title="bbox 80 4192 288 4208">
     <span class='ocr_line' id='line_1_37' title="bbox 80 4192 288 4208; baseline 0.005 -1"><span class='ocrx_word' id='word_1_286' title='bbox 80 4192 288 4208; x_wconf 54' lang='lat' dir='ltr'><em>m</em></span> 
     </span>
    </p>
   </div>
   <div class='ocr_carea' id='block_1_8' title="bbox 121 4298 625 4388">
    <p class='ocr_par' dir='ltr' id='par_1_8' title="bbox 121 4298 625 4388">
     <span class='ocr_line' id='line_1_38' title="bbox 121 4298 625 4388; baseline -0.016 -18"><span class='ocrx_word' id='word_1_287' title='bbox 121 4301 159 4388; x_wconf 89' lang='lat'><strong>1)</strong></span> <span class='ocrx_word' id='word_1_288' title='bbox 180 4303 286 4367; x_wconf 85' lang='lat' dir='ltr'><strong>Codex</strong></span> <span class='ocrx_word' id='word_1_289' title='bbox 299 4298 444 4384; x_wconf 81' lang='lat' dir='ltr'><strong>Hesychii</strong></span> <span class='ocrx_word' id='word_1_290' title='bbox 463 4299 625 4387; x_wconf 56' lang='lat' dir='ltr'><strong>samatus.</strong></span> 
     </span>
    </p>
   </div>
   <div class='ocr_carea' id='block_1_9' title="bbox 0 0 1418 4904">
    <p class='ocr_par' dir='ltr' id='par_1_9' title="bbox 0 0 1418 4904">
     <span class='ocr_line' id='line_1_39' title="bbox 0 0 1418 4904; baseline 0 1"><span class='ocrx_word' id='word_1_291' title='bbox 0 0 1418 4904; x_wconf 95' lang='lat' dir='ltr'><strong> </strong></span> 
     </span>
    </p>
   </div>
  </div>
 </body>
</html>
