2826 4904
286 319 343 378 DE
365 315 582 379 GRAECAE
607 318 818 381 LlNGVAE
840 320 1096 382 DlALECTIS.
1182 322 1244 385 188

133 513 205 576 rer,
239 483 301 558 etsi
323 489 463 579 propius
484 490 651 559 accedunt
670 491 814 575 adeam
832 490 1001 584 linguam,
1025 488 1113 582 qua'e
1126 500 1244 580 postea

134 595 319 661 vocabatur
342 592 477 677 Ionica,
511 594 657 684 plurima
677 605 790 661 tamen
812 593 958 680 habent,
984 618 1072 684 quae
1090 594 1244 679 Doricus,

135 696 207 782 vel,
232 705 270 762 ut
288 696 410 764 rectius
430 694 562 780 dicam,
588 697 771 765 communis
783 706 934 765 veterum
947 698 1157 767 Graecorum
1173 720 1244 764 serb

135 821 194 868 mo
217 799 408 888 usurpabat
460 799 621 867 Nondum
640 801 725 867 enim
748 800 881 889 penitus
895 800 988 890 apud
1004 801 1103 868 lones
1121 800 1245 867 obmu-

134 910 244 969 tuerat
264 901 448 968 Dorismus.
508 902 687 970 Praeterea
699 903 802 969 iidem
821 910 963 993 poetae,
990 903 1086 971 metri
1101 902 1245 970 maxime

135 1004 414 1073 commoditatem
433 1014 638 1094 spectantes,
664 1005 747 1089 alia,
773 1028 861 1092 quae
880 1002 1065 1073 communis
1081 1028 1157 1072 usus
1178 1004 1245 1071 iarn

136 1107 421 1197 adspernabatur,
452 1109 712 1192 conservabant,
743 1107 810 1174 alia
832 1107 932 1175 etiam
951 1131 1039 1175 nova
1053 1106 1245 1175 introduce-

135 1210 228 1278 bant.
279 1209 332 1275 lta
343 1229 452 1275 sermo
463 1209 602 1297 quidam
614 1209 736 1278 exstitit
749 1210 905 1301 proprius
923 1219 1117 1301 poetarum:
1142 1209 1246 1300 (poc-

137 1321 193 1380 tae
212 1311 431 1378 enimomnes
448 1323 540 1379 erant
559 1313 662 1404 epici)
689 1313 747 1400 qui
767 1334 875 1382 sermo
897 1336 1000 1401 quum
1016 1321 1102 1381 esset
1114 1314 1246 1380 Home-

137 1415 167 1481 ri
189 1416 345 1504 exemplo
370 1415 584 1501 nobilitatus,
608 1439 677 1482 non
688 1415 813 1484 licebat
834 1416 933 1506 epico
952 1426 1075 1506 poetae
1093 1415 1158 1482 alia
1181 1415 1247 1481 lin-

137 1540 208 1608 gua
227 1518 295 1601 uti,
321 1540 422 1604 quam
448 1526 535 1605 quae
555 1517 600 1585 ad
625 1500 768 1586 Homeri
788 1520 981 1609 exemplum
1001 1527 1086 1586 essct
1109 1517 1246 1585 confor-

138 1628 238 1686 mata.
289 1619 348 1688 Sic
371 1620 469 1709 epica
482 1621 644 1689 dialectus
658 1622 795 1707 exstitit,
822 1631 954 1689 servata
970 1622 1029 1687 illa
1052 1642 1116 1708 per
1132 1641 1246 1686 omnes

138 1730 279 1807 aetates,
304 1723 383 1791 licet
396 1724 574 1813 paullatim
592 1724 649 1791 rel
669 1747 711 1790 ex
729 1724 799 1790 aliis
813 1745 957 1812 poeseos
972 1723 1167 1814 generibus,
1190 1721 1274 1789 veli

139 1848 160 1893 e
179 1826 477 1916 grammaticorum
498 1826 795 1918 disputationibus,
825 1826 881 1893 vel
902 1825 1048 1915 denique
1068 1833 1247 1916 poetarum

139 1928 347 2019 negligentia
367 1928 496 2017 aliquid
510 1929 594 1997 labis
613 1928 835 1996 contraheret.
887 1928 1118 2013 Quamobrem
1131 1926 1248 2017 opicae

138 2052 277 2118 qnoque
296 2030 432 2099 dialecti
454 2032 605 2101 diversae
617 2032 749 2100 formae
766 2029 856 2118 sunt,
881 2055 1024 2120 quarum
1038 2032 1164 2119 aliquas
1175 2031 1248 2119 ipsa

133 2133 284 2200 'Homeri
297 2137 462 2218 carmina,
487 2137 602 2224 plures
625 2137 748 2226 scripta
767 2135 975 2221 reliquomm
990 2133 1161 2203 continent
1176 2132 1249 2221 epi-

138 2256 270 2306 corum.
330 2234 403 2302 Has
422 2237 526 2325 igitur
534 2227 668 2302 ‘formas
683 2236 747 2302 nisi
767 2236 841 2321 quis
863 2234 1042 2325 diligenter
1056 2233 1251 2317 distinxerit,

136 2358 251 2425 neque
266 2338 385 2403 sentire
402 2345 496 2404 recte
518 2337 563 2403 de
584 2337 688 2427 epicis
710 2337 839 2428 poetiS,
862 2358 973 2427 neque
993 2345 1066 2407 tuto
1089 2333 1249 2403 emenda·
1270 2406 1272 2411 ,

136 2443 267 2507 tionem
281 2440 426 2528 aggredi
439 2440 574 2529 poterit.

241 2541 387 2631 Epicam
415 2542 535 2632 poesin
564 2550 771 2629 consequuta
805 2549 855 2608 est
882 2541 1006 2632 lyrica,
1044 2562 1131 2629 quae
1156 2538 1249 2607 initio

140 2643 295 2712 modeste
332 2645 375 2711 ab
410 2645 508 2735 opica
546 2644 756 2735 digrediens,
795 2666 893 2729 mox,
926 2645 1044 2713 relicto
1078 2643 1251 2734 epicorum

142 2747 317 2836 exemplo,
342 2748 548 2837 singularum
574 2747 725 2838 gentium
751 2748 873 2840 linguis
900 2770 971 2815 sese
992 2746 1174 2836 applicuit,
1204 2744 1251 2841 ita

140 2859 273 2934 tamen,
305 2857 342 2915 ut
361 2852 530 2937 quaedam
547 2850 591 2916 ab
616 2850 735 2940 epicis,
774 2859 948 2938 tamquam
967 2850 1139 2917 universae
1163 2869 1251 2939 poe-

142 2976 217 3021 seos
237 2955 445 3038 communia,
472 2953 646 3021 derivaret.
684 2941 838 3021 ‘Nullum
860 2962 909 3020 est
932 2951 1021 3020 enim
1042 2973 1149 3043 genus
1162 2972 1251 3040 poe-

131 3078 234 3139 ·seos,
260 3055 354 3143 quod
373 3078 441 3123 non
460 3056 589 3145 aliquid
604 3066 696 3124 certe
719 3056 763 3123 ab
784 3057 889 3146 epicis
902 3056 1080 3145 acceperit.
1130 3054 1184 3121 Ac
1195 3052 1251 3141 ly-

141 3158 232 3227 ricae
250 3158 388 3246 quidcm
401 3181 545 3248 poeseos
562 3168 629 3224 tres
646 3158 790 3226 maxime
805 3159 935 3225 formae
949 3165 1039 3240 sunt,
1065 3154 1251 3241 antiquissi-

140 3282 216 3344 ma,
241 3283 327 3348 quae
341 3261 522 3327 Ionismum
538 3260 712 3347 epicorum
727 3269 852 3327 sectata
875 3268 943 3342 est,
968 3266 1038 3324 tum
1053 3257 1194 3323 Aeolica
1211 3276 1252 3322 ac

141 3364 285 3447 llorica,
320 3361 465 3451 denique
485 3362 671 3429 communis
691 3362 867 3447 quaedam.
918 3359 1053 3426 Etenim
1068 3380 1176 3447 quum·
1192 3358 1252 3424 lo·
1299 3384 1302 3391 ·

141 3467 219 3534 nica
240 3487 308 3533 non
323 3474 373 3531 sat
392 3465 559 3556 dignitatis
574 3463 703 3531 habere
718 3463 906 3545 videretur,
932 3462 1074 3530 Aeolica
1087 3470 1199 3529 autem
1211 3484 1251 3529 ac

141 3569 286 3654 Dorica,
331 3567 425 3656 quod
444 3589 628 3659 paucarum
650 3566 801 3658 gentium
820 3565 980 3655 propriae
1003 3575 1126 3650 essent,
1158 3563 1251 3652 apud

140 3672 288 3760 reliquas
308 3680 425 3762 gentes
445 3672 540 3739 nimis
559 3671 759 3761 peregrinae
786 3670 1009 3753 haberentur,
1034 3667 1100 3734 alia
1121 3667 1253 3732 inventa

142 3783 193 3841 est
212 3774 343 3859 forma,
367 3797 453 3862 quae
464 3797 573 3863 neque
593 3773 739 3840 Dorismi
761 3772 950 3863 granditate
971 3777 1117 3850 careret,
1142 3788 1252 3854 neque

140 3872 258 3944 notam
270 3877 413 3944 haberet
427 3876 679 3968 peregrinitatis.
729 3876 827 3943 Haec
839 3875 943 3965 igitur
956 3896 975 3939 e
990 3871 1165 3938 moderato
1177 3866 1252 3935 Do-

131 3980 234 4047 ·rismi
252 4003 313 4047 usu
331 3989 364 4046 et
379 3979 477 4067 epico
498 3999 650 4046 sermone
671 3977 816 4044 conflata
839 3987 903 4059 est,
929 3973 1020 4040 unde
1041 3994 1253 4040 communem

141 4092 265 4152 vocant
284 4081 503 4174 grammatici.
566 4082 647 4147 Eius
670 4079 798 4147 illustre
833 4077 1026 4167 exemplum
1055 4077 1089 4140 in
1116 4075 1267 4159 Pindari

142 4185 343 4256 carminibus
358 4191 472 4251 exstat.
696 4182 699 4186 ’
1155 4181 1157 4185 ’

246 4290 426 4376 lnsequuta
450 4295 498 4353 est
517 4284 711 4376 tragoedia,
751 4282 896 4371 quaein
916 4280 1034 4349 iambis
1058 4282 1195 4372 quidem
1222 4292 1254 4348 et
1284 4366 1287 4371 „
