2826 4904
392 363 592 425 ‘lvuls
650 361 991 426 PVNIENDI.
1229 371 1252 432 o

138 535 292 621 afficere,
321 532 539 608 haec-tamen
560 558 672 628 poena
691 536 759 606 dici
771 558 839 604 non
852 543 974 627 posset
1026 534 1113 606 Nam
1129 550 1252 628 poena,

138 650 177 708 ut
190 661 292 729 snpra
305 638 570 709 demonstratum
585 649 653 725 cst,
668 641 703 707 id
718 641 846 708 malum
861 648 1018 723 vocatur,
1033 640 1128 726 quod
1142 663 1205 730 per
1218 665 1254 708 se

138 742 327 811 necessario
342 744 494 812 iniuriam
508 743 603 831 sequi
619 743 752 811 debeat.
776 742 993 810 illudentem
1008 743 1144 829 malum,
1159 744 1254 831 quod
1348 790 1350 797 ,

139 845 214 932 quis
232 845 459 914 satisfactionis
481 846 614 913 nomine
636 846 827 932 sustineret,
850 864 919 913 non
938 867 1003 934 pro
1023 845 1134 925 malo,
1160 845 1256 935 quod

137 946 295 1015 facienda
307 948 424 1015 iniuria
436 948 572 1017 laedens
589 940 853 1033 commeruisset,
877 946 1072 1015 habendum
1085 958 1180 1033 esset,
1195 948 1256 1035 sed

139 1059 249 1117 totum
263 1073 282 1117 e
298 1051 526 1118 satisfactionis
540 1051 759 1141 postulandae
773 1051 844 1117 iure
859 1050 1039 1139 penderet,
1064 1073 1167 1142 quam
1182 1051 1256 1120 lue-

139 1175 196 1221 sus
210 1152 245 1219 in
259 1152 379 1220 dolore
390 1153 551 1221 laedentis
566 1154 711 1221 invenire
727 1154 790 1221 sihi
802 1153 979 1220 videretur.

248 1255 303 1322 Ex
314 1257 371 1341 iis,
397 1279 483 1344 quae
498 1256 660 1325 hactenus
674 1256 842 1346 disputata
856 1265 948 1341 sunt,
971 1255 1099 1324 clarum
1114 1263 1180 1340 est,
1193 1278 1255 1322 na-

144 1355 244 1426 turali
256 1358 328 1427 iure
346 1380 532 1450 poenamm
549 1359 788 1450 irrogationem
805 1359 899 1427 nullo
912 1358 1017 1425 modo
1032 1358 1256 1448 comprobari

141 1459 196 1528 Ac
220 1483 324 1549 quum
343 1463 422 1529 totis
443 1463 599 1553 gentihus
615 1462 734 1529 cadem
756 1463 841 1530 ratio
867 1484 981 1531 secum
994 1462 1137 1530 invicem
1152 1462 1257 1528 iuter-

142 1561 259 1648 cedat,
284 1587 371 1652 quae
394 1565 529 1654 privatis
550 1563 755 1632 hominibus:
790 1574 948 1655 apparet,
982 1563 1064 1652 quid
1088 1562 1133 1630 de
1158 1564 1257 1631 bellis

40 1731 43 1736 .
140 1666 303 1758 puniendi
329 1690 443 1738 caussa
467 1668 642 1758 gerendis,
667 1668 854 1757 dequibus
881 1668 961 1734 olim
985 1667 1146 1737 acerrime
1173 1667 1257 1733 inter

142 1769 232 1835 viros
255 1770 374 1840 doctos
398 1769 603 1861 disputatum
625 1779 688 1856 est,
713 1771 925 1839 statuendum
945 1770 996 1837 sit.
1047 1768 1144 1852 Quae
1164 1769 1258 1836 bella

142 1871 354 1940 manifestum
367 1882 416 1941 est
428 1897 449 1940 a
461 1875 604 1965 tyrannis
620 1881 653 1942 et
670 1874 798 1944 clericis
811 1874 1016 1966 excogitata,
1042 1872 1086 1939 ab
1102 1871 1258 1972 adulatu-

140 1973 233 2041 ribus
248 1975 386 2044 defensa
399 1999 479 2045 esse.
530 1978 611 2046 Post
639 2001 745 2068 quum
764 1978 904 2067 publica
925 1976 1064 2044 utilitate
1084 1982 1259 2066 praetexta

142 2075 465 2150 inconsuetudinem
476 2081 655 2166 venissent,
681 2081 842 2172 adempta
856 2090 905 2149 est
921 2078 1103 2146 insolentia.

244 2181 357 2269 Atque
371 2181 459 2253 haec
480 2184 618 2271 quidem
632 2184 708 2250 satis
725 2192 832 2251 essent
844 2182 889 2249 ad
912 2202 1038 2271 poenas
1058 2201 1100 2246 ex
1114 2180 1186 2246 iure
1197 2201 1259 2248 na-

44 2369 46 2372 ,
140 2280 244 2349 turali
268 2283 504 2371 expellendas,
528 2285 589 2348 nisi
610 2285 684 2348 iure
701 2284 851 2369 quodam
865 2281 1026 2373 postulari
1049 2303 1148 2371 posse
1161 2281 1259 2350 vidc-

141 2389 254 2466 retur,
278 2392 315 2449 ut
335 2403 468 2468 eorum,
495 2384 552 2473 qui
570 2383 666 2450 aliter
680 2384 837 2469 sentiunt,
863 2385 1062 2475 praecipuus
1076 2393 1166 2454 certe
1182 2405 1260 2450 scn-

141 2484 263 2553 tentias
275 2485 476 2554 refellerem.
528 2483 688 2554 Omnium
705 2485 792 2552 enim
809 2487 887 2553 iuris
906 2486 1061 2553 naturalis
1082 2485 1260 2552 doctorum

144 2587 317 2676 opiniones
331 2587 376 2654 de
389 2587 550 2675 aliquare
565 2588 621 2654 vel
635 2610 840 2679 cognoscere
854 2589 1042 2678 praemium
1054 2586 1179 2654 laboris
1191 2605 1260 2655 non

43 2715 47 2722 ·
142 2689 266 2774 habet,
289 2690 415 2757 nedum
429 2690 455 2757 si
470 2691 543 2779 quis
561 2691 751 2781 expendere
768 2715 822 2760 eas
837 2692 927 2759 velit
978 2693 1031 2761 Ac
1045 2699 1110 2758 tres
1126 2691 1260 2780 potissi·
1291 2695 1294 2702 ’

144 2815 238 2862 mum
266 2793 353 2860 inter
373 2793 517 2881 reliquas
540 2795 720 2862 sententiae
749 2797 910 2880 eminent,
936 2796 1056 2884 quibus
1078 2794 1260 2862 refutandis

145 2895 274 2970 veritati
296 2895 436 2984 aliquod
459 2896 698 2964 adminiculum
716 2897 897 2987 lumenque
917 2897 1069 2965 addatur.
1129 2896 1261 2965 Harum

145 2988 266 3097 prima,
285 3021 305 3068 e
319 2999 504 3067 recentiore
517 2999 739 3092 philosophia
751 3002 867 3094 petita,
888 2999 1116 3089 aSclrmalzio
1128 2999 1260 3091 propo-

146 3101 207 3168 sita
231 3110 298 3185 est,
322 3124 444 3193 parum
464 3103 523 3170 illa
546 3102 651 3188 fonti,
675 3103 765 3171 unde
787 3104 947 3187 manavit,
980 3117 1177 3193 congruens.
1227 3101 1261 3168 ls

144 3203 247 3295 igitur
264 3203 311 3274 sic
326 3212 448 3276 censet.
488 3205 701 3294 Quicumque
716 3206 862 3294 aliquem
875 3205 997 3294 laedit,
1023 3203 1261 3274 contraratio-

144 3328 223 3378 nem
237 3307 326 3398 agit,
353 3330 462 3396 eoque
480 3306 678 3398 dignitatem
690 3308 818 3376 ratione
830 3310 990 3376 utentium
1012 3307 1140 3374 amittit.
1165 3306 1262 3376 Licet

146 3409 247 3500 igitur
261 3410 354 3477 laeso
369 3412 417 3477 ita
429 3432 507 3479 cnm
525 3410 682 3481 laedente
704 3434 827 3502 agere,
853 3433 894 3479 ac
913 3411 940 3478 si
957 3409 1130 3478 isrationis
1143 3431 1261 3502 expers

147 3512 206 3598 sit,
232 3520 332 3600 atque
352 3513 430 3580 ideo
446 3513 532 3581 inter
554 3514 628 3582 illas
648 3537 701 3582 res
725 3514 965 3598 numerandus,
997 3526 1139 3602 quarum
1162 3535 1262 3581 omne

146 3616 293 3704 pretium
306 3615 397 3683 ineo
412 3624 478 3701 est,
505 3617 599 3706 quod
617 3617 749 3684 utilitati
770 3617 946 3686 hominum
962 3616 1150 3684 inserviunt.
1191 3615 1262 3681 lta-

147 3739 215 3806 que
229 3717 314 3784 nihil
330 3727 395 3803 est,
411 3742 514 3808 quare
530 3721 665 3786 malain
680 3718 873 3805 huiusmodi
884 3719 1073 3802 hominem,
1090 3719 1147 3805 qui
1163 3716 1262 3785 nimi-

146 3841 223 3887 rum
236 3820 305 3887 iam
316 3843 381 3912 pro
397 3822 534 3890 homine
556 3822 676 3891 haberi
697 3832 857 3911 nequeat,
882 3823 1036 3913 ingerere
1055 3821 1193 3887 vetitum
1211 3819 1261 3886 sit.

249 3923 347 3992 Haec
366 3926 609 4016 argumentatio
634 3927 688 3994 vel
706 3926 825 3994 leviter
846 3927 882 3992 in
910 3949 986 3992 eam
997 3921 1137 3992 intuenti
1151 3923 1262 3990 omnia

146 4022 324 4096 hominum
344 4026 417 4094 iura
442 4029 477 4095 in
499 4036 628 4096 tantum
654 4028 803 4100 adducta
831 4029 1020 4118 periculum
1041 4024 1201 4110 ostendit,
1225 4034 1263 4094 ut

146 4131 337 4214 mirum'sit,
351 4151 509 4216 errorem,
527 4131 626 4218 quiin
640 4155 680 4199 ea
692 4132 784 4216 inest,
793 4131 866 4198 viro
882 4130 984 4198 docto
996 4130 1100 4196 latere
1106 4129 1261 4218 potuisse

148 4231 247 4318 Quae
262 4233 378 4301 sivera
394 4242 487 4317 esset,
503 4232 585 4320 quid
595 4234 785 4324 impediret,
795 4234 981 4321 quominus,
1001 4229 1264 4321 quicumquevel

148 4335 350 4405 levissimam
360 4336 512 4407 iniuriam
527 4334 728 4421 admisisset,
751 4336 862 4426 capite
876 4334 1103 4426 plecteretur?
1127 4335 1215 4401 Nam
1236 4333 1263 4398 si
