2826 4904
195 295 260 356 106
546 290 606 351 DE
634 287 957 350 DlFFERENTIA
1031 332 1034 339 -

195 464 253 533 nd
278 463 433 532 eamdem
453 463 599 532 formam
620 467 721 532 etiam
744 486 927 533 sarcasmus
951 463 1113 554 pertinet,
1147 465 1206 553 qui
1231 487 1309 534 con-

193 568 362 635 iunctione
374 568 633 658 repugnantium
650 568 805 657 quidem,
832 567 1066 637 seductorum
1080 578 1193 634 tamen
1212 582 1308 660 prac'-

195 670 384 740 dicatorum
403 672 599 739 continetur.

296 809 404 877 Porro
423 830 525 875 nexus
548 831 685 897 quoque
720 808 901 875 verborum
929 831 1002 875 suas
1032 808 1140 875 habet
1177 808 1307 900 figuras

195 910 407 1002 Copulantur
422 913 511 979 enim
525 914 629 979 verba
650 921 708 980 aut
724 913 786 996 sic,
812 922 851 979 ut
872 912 1005 1003 singula
1019 935 1084 1003 per
1098 935 1134 978 εε
1151 923 1307 999 constent,

194 1036 281 1103 quae
295 1016 406 1107 figura
430 1014 551 1084 dicitur
573 1015 858 1100 synathroesmos:

323 1145 547 1245 στεναγμός,
574 1150 664 1250 ἄτη,
692 1146 869 1240 θάνατος,
897 1145 1065 1247 αἰσχύνης

315 1253 480 1350 Ἕκτορα
496 1251 530 1327 d’
552 1259 589 1328 ἐκ
602 1255 735 1349 βελέων
750 1253 887 1347 ὕπαγεν
901 1249 1015 1342 Ζεύς,
1043 1256 1079 1327 ἔκ
1092 1282 1134 1326 τε
1155 1254 1284 1353 κονίης,

323 1358 360 1431 ἔκ
383 1353 422 1431 τ’
452 1354 712 1456 ἀνδροκτασίης
721 1408 732 1449 ,
765 1359 802 1431 ἔκ
824 1354 869 1430 θ’
899 1364 1077 1448 αἵματος,
1111 1359 1149 1431 ἔκ
1175 1386 1218 1430 τε
1243 1385 1303 1430 κυ-

932 1461 1084 1553 δοιμοῦ,

192 1605 251 1665 aut
267 1605 306 1664 ut
328 1596 421 1666 aliud
438 1618 479 1664 ex
500 1597 566 1665 alio
579 1597 746 1688 pendeat,
773 1621 860 1686 quae
877 1597 1046 1688 epizeusis
1066 1604 1134 1679 est,

294 1735 438 1804 viderat
452 1735 562 1821 hanc,
588 1735 771 1827 visamque
791 1735 903 1827 cupit,
923 1735 1127 1827 potiturque
1149 1734 1285 1824 cupita:

193 1895 303 1960 eoque
323 1875 470 1963 pertinet
495 1874 596 1939 etiam
617 1873 755 1952 climax3
797 1882 854 1939 aut
877 1873 922 1941 ita
947 1872 1092 1960 denique
1112 1881 1149 1937 ut
1170 1872 1305 1939 coniun-

192 1977 304 2044 ctione
322 1975 420 2042 simul
437 1984 471 2042 et
486 1975 695 2043 distinctione
708 1977 916 2066 singulorum
937 1987 1046 2043 totum
1070 1974 1235 2063 quiddam
1258 1974 1305 2041 ef-

191 2079 340 2162 ficiatur,
373 2101 461 2168 quae
481 2078 593 2169 figura
619 2079 756 2168 partitio
779 2088 844 2145 est:
870 2079 937 2146 hoc
958 2087 992 2147 et
1009 2079 1102 2146 ratio
1126 2077 1257 2161 doctis,
1277 2083 1306 2144 et

189 2182 381 2250 necessitas
404 2179 591 2267 barbaris,
623 2188 658 2249 et
686 2203 762 2249 mos
788 2180 970 2273 gentibus,
1003 2189 1036 2249 et
1054 2179 1153 2274 seris
1178 2188 1306 2248 nutura

190 2287 272 2381 ipsa
288 2285 534 2378 praescripsit.

293 2423 468 2490 Postremo
497 2420 741 2490 consideranda
765 2431 815 2488 est
842 2421 947 2508 ratio,
993 2445 1080 2510 quae
1106 2423 1207 2490 rebus
1234 2443 1306 2490 cum

78 2524 83 2529 ’
190 2525 292 2594 animi
317 2527 524 2616 cogitatione
545 2548 708 2612 sensuque
728 2525 915 2593 intercedit.
973 2525 1027 2592 Ea
1049 2525 1136 2591 ratio
1158 2529 1306 2594 contine-

127 2647 130 2651 ’
189 2639 243 2696 tur
264 2629 436 2696 notatione
454 2628 683 2719 personarum.
736 2628 839 2694 Nulla
860 2629 948 2694 enim
968 2651 1022 2695 res
1045 2637 1110 2712 est,
1137 2630 1218 2716 quin
1244 2649 1305 2720 pro

78 2795 84 2803 .
190 2732 380 2799 diversitate
399 2729 512 2813 modi,
546 2751 616 2818 quo
643 2729 830 2821 cogitatur,
856 2732 1004 2819 primae,
1032 2731 1217 2817 secundae,
1240 2742 1306 2799 ter-

189 2836 256 2902 tiae
279 2855 448 2923 personae
470 2855 539 2899 esse
554 2832 669 2924 possit
720 2833 774 2902 Ac
796 2835 954 2922 quoniam
970 2833 1054 2900 nihil
1068 2836 1224 2921 omnino,
1249 2834 1308 2901 nisi

187 2960 353 3029 personae
380 2936 550 3004 notatione
577 2935 789 3026 praeditum,
823 2940 1029 3028 cogitamuS,
1060 2938 1087 3004 si
1120 2961 1207 3027 quae
1236 2946 1306 3004 sunt

188 3042 222 3107 in
237 3040 306 3108 hoo
329 3062 455 3130 genere
475 3039 632 3129 figurae,
654 3062 709 3107 eas
729 3041 975 3128 permutatione
990 3063 1212 3131 personarum
1227 3064 1306 3110 cen-

188 3144 253 3212 seri
271 3166 407 3212 necesse
432 3152 489 3210 cst.
558 3143 668 3209 Aliter
693 3143 783 3209 enim
806 3146 912 3211 omnis
937 3168 1155 3235 personarum
1180 3146 1305 3212 notatio

186 3249 299 3339 figura
331 3246 430 3314 foret.
481 3246 668 3313 Iudicanda
688 3270 770 3314 vero
792 3257 841 3314 cst
862 3247 994 3315 harum
1008 3249 1094 3316 ratio
1120 3248 1305 3339 figurarum

189 3373 230 3417 cx
253 3374 293 3419 eo
321 3372 541 3440 personarum
564 3350 773 3436 discrimine,
814 3353 910 3440 quod
937 3354 972 3418 in
999 3375 1132 3440 quaque
1156 3353 1305 3419 oratione

187 3453 398 3521 fundamenti
423 3455 503 3522 loco
529 3456 742 3524 constitutum
765 3464 823 3522 est.
875 3454 923 3538 ld·
943 3454 1137 3522 huiusmodi
1165 3465 1232 3538 est,
1272 3463 1306 3522 ut

186 3558 298 3649 prima
312 3558 353 3624 sit
366 3558 506 3624 oratoris
519 3580 681 3646 persona3
706 3558 855 3626 secunda
876 3560 962 3643 eius,
989 3582 1091 3646 quem
1111 3559 1306 3647 alloquitur;

187 3662 285 3728 tertia
301 3660 360 3743 rei,
384 3661 429 3727 dc
444 3684 512 3749 qua
535 3662 692 3748 loquitur.
745 3661 864 3748 ltaque
885 3664 989 3729 tribus
1009 3662 1120 3729 modis
1139 3685 1305 3752 personae

186 3765 371 3855 permutari
387 3765 474 3832 inter
489 3788 525 3831 se
540 3754 689 3855 possunt.
741 3765 897 3853 Namque
918 3774 974 3832 aut
992 3765 1140 3834 secunda
1160 3789 1305 3854 persona

186 3891 252 3958 pro
269 3869 381 3958 prima
398 3870 454 3936 vel
476 3869 574 3935 tertia
595 3870 751 3959 ponitur,
787 3892 892 3956 quum
915 3880 1029 3935 orator
1050 3893 1086 3936 se
1116 3869 1229 3959 ipsum
1250 3868 1306 3936 vel

187 3994 276 4057 rem,
310 3972 354 4038 de
382 3995 450 4059 qua
473 3994 582 4039 sermo
605 3981 670 4056 εει,
703 3973 903 4058 alloquitur,
939 3973 1034 4059 quod
1057 3996 1163 4063 genus
1183 3973 1305 4041 dicitur

188 4074 412 4165 apostrophe:
439 4085 496 4142 aut
509 4075 607 4141 tertia
621 4097 766 4164 persona
779 4076 909 4163 primae
926 4078 981 4142 vel
997 4075 1165 4146 secundae
1188 4078 1303 4146 locum
1350 4114 1353 4125 ν

136 4183 292 4260 26ιειιει,
318 4200 424 4265 quum
445 4186 559 4245 orator
574 4178 630 4244 vel
651 4177 696 4243 de
718 4201 755 4244 sc
775 4179 830 4246 vel
853 4179 898 4247 de
920 4204 962 4248 eo
984 4183 1121 4268 quicum
1143 4180 1304 4268 loquitur,

108 4339 115 4365 ,
186 4291 359 4369 tamquam
379 4281 425 4350 de
445 4305 484 4350 re
513 4304 601 4371 quae
624 4292 860 4375 argumentum
890 4285 930 4352 sit
953 4285 1128 4369 orationis,
1156 4284 1303 4375 exponit,
