2826 4904
185 303 240 368 nn
258 301 490 382 vnnncvn.
505 302 651 368 enmcr
664 304 808 368 mers.
822 303 969 382 novor.
983 300 1177 372 ιιιιοιιιι.
1217 302 1263 376 οι

145 479 203 546 lle
221 499 291 568 qua
307 500 347 546 re
370 478 502 547 erudite
527 478 680 548 disseruit
693 477 889 571 Xenophon
904 478 965 550 IX.
981 479 1017 548 3.
1034 477 1071 548 4.
1121 480 1262 552 Passum

147 592 184 650 et
203 581 297 674 apud
316 602 379 649 nos
401 592 435 650 et
457 583 642 653 secundnm
662 582 927 674 Xenophontem
948 584 1073 675 excipit
1087 584 1174 652 illud
1196 607 1262 677 ge-

146 708 219 770 nus,
243 685 337 775 quod
359 685 507 776 pedibus
526 684 729 756 decussatim
741 687 902 755 tollendis
918 687 1114 756 continetur.
1139 688 1182 755 ld
1196 711 1262 757 no-

145 789 205 862 stri
227 787 310 857 trab
333 792 476 873 vocant,
502 789 628 858 Graeci
645 789 907 884 διαιροχοίζειν,
931 790 988 858 vel
1008 817 1077 863 τον
1091 785 1261 886 αὐτοφυῆ

146 884 408 987 διατροχοῖζειν.
458 892 501 959 ld
526 892 622 1014 quod
643 893 720 959 satis
738 892 830 960 clare
852 917 872 960 e
891 891 1127 984 Xenophontis
1148 896 1261 962 verbis

143 994 352 1086 intelligitur.
411 995 476 1064 Est
497 998 587 1064 enim
613 995 713 1063 huius
739 996 872 1086 generis
903 1019 984 1064 uere
1011 995 1101 1065 baec
1131 996 1262 1088 duplex
1355 1025 1359 1035 ·

143 1097 266 1182 virtuS,
291 1121 394 1186 quam
424 1109 668 1170 commemorat
688 1097 902 1190 Xenophon,
927 1108 1011 1168 utet
1026 1100 1166 1167 mobiba
1178 1101 1262 1168 red-

144 1198 206 1268 dat
226 1201 305 1289 eqni
323 1203 494 1287 membra,
521 1212 557 1271 et
576 1202 782 1295 aptissimum
803 1202 863 1287 sit,
887 1204 980 1271 unde
999 1226 1104 1292 equus
1118 1203 1164 1271 ad
1178 1226 1262 1295 gra-

146 1304 230 1371 dum
244 1303 412 1372 tolutilem
427 1306 591 1376 incitetur.
616 1305 776 1394 Sequitur
796 1327 880 1396 ergo
901 1307 1087 1375 secundum
1102 1305 1173 1376 hoc
1195 1329 1263 1398 ge-

142 1429 206 1474 nus
229 1416 264 1474 et
283 1417 396 1475 nostra
415 1418 449 1476 et
469 1410 681 1480 Graecorum
700 1409 941 1478 consuetudine
962 1410 1089 1500 gradus
1106 1410 1261 1494 tolutilis,

144 1533 249 1599 quern
273 1513 377 1579 nostri
405 1511 521 1581 dicunt
538 1514 675 1606 gulop,
713 1511 840 1581 Graeci
863 1516 1190 1608 ἑπιραβδοφοριῐν,
1221 1513 1262 1582 id

144 1613 241 1702 quod
263 1637 283 1682 e
303 1614 539 1734 Xenophontis
559 1617 640 1686 loco
659 1626 729 1683 tarn
753 1624 804 1683 est
825 1625 999 1704 apertum,
1021 1627 1060 1682 ut
1073 1616 1195 1682 mirum
1208 1615 1262 1700 sit,

145 1716 191 1783 de
207 1718 348 1837 propria
360 1720 456 1786 verbi
475 1720 720 1811 significatione
736 1718 902 1822 cogitasse
914 1718 1121 1809 interpretes.
1171 1719 1260 1786 Nam

145 1819 206 1886 etsi
220 1843 241 1886 a
259 1821 378 1913 virgae
388 1820 581 1891 incitatione
595 1822 736 1892 ductum
752 1831 801 1890 est
812 1843 947 1906 nomen,
972 1831 1164 1893 nontamen
1177 1844 1261 1912 per·

145 1923 253 1991 cussio
282 1947 325 1992 eo
353 1927 490 1993 nomine
512 1926 696 2009 indicatur,
736 1924 798 1993 sed
816 1948 925 2017 genus
950 1924 1181 2018 ingrediendi,
1214 1923 1261 1993 ad

143 2026 239 2114 qnod
253 2050 359 2118 equus
374 2029 471 2121 virga
482 2030 732 2122 impellebatur.
781 2029 918 2099 Eodem
931 2029 1037 2097 modo
1052 2030 1153 2096 etium
1166 2029 1260 2118 apud

140 2129 359 2198 Polluceml.
383 2131 470 2200 220.
483 2114 929 2251 ἑπιραβδοφορεΐνᾱίοἰιιιι.
954 2132 1037 2198 Eius
1052 2133 1159 2198 verba
1172 2131 1261 2198 haec

139 2240 237 2300 sunt·
262 2258 306 2304 το
331 2233 370 2304 δὲ
391 2237 737 2354 ἑπιροβδοφορεῖν
729 2259 796 2303 τον
826 2240 955 2315 ἵππον,
991 2229 1080 2325 ὅπερ
1104 2231 1259 2326 γίνεται,

139 2335 183 2407 εἴ
195 2357 261 2412 τις
266 2334 314 2412 εἰς
333 2326 472 2425 δρόμον
486 2328 694 2421 ἐξελαύνοι,
711 2327 755 2404 οὐ
770 2325 1093 2405 wavoracenses
1109 2339 1145 2407 οἱ
1162 2340 1261 2407 ἱππι·

140 2433 210 2508 soi.
263 2434 409 2504 Scilicet
419 2435 526 2502 homo
540 2436 590 2503 rei
611 2434 772 2523 equestris
786 2436 959 2525 imperitus
977 2436 1121 2521 obscure
1135 2437 1261 2525 loquu-

140 2548 194 2606 tus
212 2546 277 2622 est,
303 2561 368 2620 nec
382 2539 458 2623 satis
471 2538 634 2607 intellexit
649 2561 756 2628 quere
769 2536 839 2606 hoc
853 2537 1168 2629 reprehenderetur.
1196 2539 1258 2609 Ci-

141 2650 228 2708 tatus
251 2664 365 2709 cursus
387 2641 429 2709 fit
446 2641 596 2709 tolutim:
627 2640 708 2710 inde
727 2645 1036 2737 ἑπιραβδοφοροῖο
1053 2636 1121 2715 τόν
1149 2649 1261 2716 ἵππον

143 2745 196 2825 (id
218 2754 285 2829 est,
309 2755 348 2813 nt
361 2767 423 2812 nos
444 2745 586 2814 (lichnus
602 2745 673 2813 das
680 2743 798 2838 pferd
811 2745 1021 2838 golopiren)
1035 2748 1260 2815 necessarium

142 2857 192 2917 est
204 2848 252 2917 ad
268 2848 413 2941 ellirsum
425 2871 568 2919 cursum.
620 2848 764 2933 Quodsi
777 2848 913 2917 solutim
925 2849 974 2917 ire
994 2872 1064 2916 non
1072 2849 1168 2919 rumis
1183 2851 1260 2919 lau·
1286 2872 1289 2887 ·

142 2950 225 3018 dant
239 2952 315 3019 artis
328 2952 447 3042 periti,
472 2975 587 3023 caussa
603 2950 692 3023 haec
710 2960 777 3037 est,
803 2952 899 3042 quod
920 2953 1022 3020 nimia
1038 2952 1137 3021 huius
1150 2955 1260 3045 gene-

94 3089 98 3093 *
141 3054 187 3120 ris
210 3055 476 3142 frequentatione
498 3056 606 3148 pedes
627 3058 706 3145 equi
734 3057 916 3124 anteriores
940 3054 1129 3126 laeduntur.
1187 3057 1260 3126 Sed

140 3157 335 3226 accedimus
357 3158 402 3226 ad
423 3182 518 3243 eam,
549 3182 635 3248 quae
651 3159 797 3227 maxima
817 3158 914 3228 estin
930 3157 1167 3249 Xenophontis
1179 3160 1259 3227 loco

142 3260 337 3330 obscuritas.
388 3262 570 3331 Rationem
588 3263 677 3330 enim
699 3263 941 3351 explicaturus,
967 3284 1034 3349 qua
1050 3262 1096 3329 ad
1112 3261 1259 3352 gradum

140 3363 340 3431 tolutilem
329 3365 485 3434 incitetur
498 3389 615 3455 equus,
640 3366 685 3432 ita
699 3365 863 3456 perplexe
876 3364 1018 3451 loqui
987 3386 1075 3431 visus
1091 3375 1140 3432 est
1154 3365 1262 3433 inter-

139 3467 310 3556 pretibus,
336 3478 374 3536 ut
391 3479 539 3537 mentem
554 3471 625 3536 eius
639 3470 694 3536 vix
712 3468 859 3560 intelligi
871 3490 971 3558 posse
985 3467 1177 3537 faterentur.
1204 3470 1259 3537 Ac

123 3569 289 3664 ‘primum
303 3568 454 3654 illud,'
429 3597 502 3646 οπο
519 3572 592 3644 τοῖν
606 3565 800 3664 ιοωούμων
812 3569 993 3666 ορχιοθαι
1011 3565 1257 3666 εὐδοκιμοίη-

140 3696 209 3769 ρον
215 3725 229 3759 ,
270 3673 485 3761 Heubelius,
518 3685 666 3744 nosram
695 3675 822 3745 scilicet
848 3674 1139 3759 consuetudinem,
1188 3695 1256 3761 qua

138 3774 235 3866 prius
248 3775 367 3846 dextra
384 3803 486 3868 quam
500 3781 629 3847 sinistra
637 3779 777 3846 tolutim
787 3779 872 3863 itur,
896 3778 1065 3846 veteribus
1077 3775 1257 3867 probatam

138 3888 248 3965 ratus,
281 3879 327 3948 de
347 3883 474 3953 sinistro
493 3884 587 3974 pede
608 3877 782 3950 intellexit.
832 3882 921 3949 Nam
942 3901 1048 3968 equus
1064 3879 1183 3945 dextra
1202 3885 1258 3943 to—

137 3981 236 4050 lutim
249 3983 408 4053 incedens
423 3977 574 4077 primurn·
589 3987 751 4053 sinistrum
772 3983 900 4075 pedem
912 3981 1153 4074 posteriorem,
1176 3980 1259 4048 inde
1297 3998 1299 4002 ’

138 4082 296 4156 dextrum
331 4090 431 4156 simul
464 4090 687 4181 posteriorem
720 4098 822 4176 atque
852 4088 1016 4154 sinistrum
1045 4085 1257 4172 anteriorem,

136 4199 316 4280 postremo
332 4192 486 4262 denhem
507 4184 709 4260 anteriorem
724 4192 823 4259 tollit.
874 4191 984 4256 Recte
998 4210 1080 4254 vero
1094 4188 1255 4258 Camera-

134 4291 204 4362 rius
218 4295 256 4364 in
275 4288 522 4386 hippocornioo
538 4294 652 4387 pdl.
671 4294 774 4378 vidit,
798 4292 1065 4361 laudatissimum
1076 4292 1259 4385 perhiberi
