2826 4904
481 339 892 410 ousunvuulouus
1182 352 1247 415 am

133 514 341 618 μηλοβότου
362 519 439 588 1111.
461 514 496 586 5.
525 513 712 617 μηλοβότᾳ
743 519 861 588 Isthm.
890 520 923 588 1.
949 516 1010 588 ot.
1063 519 1162 588 Vnde
1189 519 1247 590 01.
1281 573 1284 581 ,

133 624 209 692 vll.
237 619 323 689 115.
351 618 436 690 145.
465 624 524 691 ubi
552 625 716 713 scriptura
736 624 892 710 fluctuat,
936 645 1151 693 communem
1175 623 1249 691 for-

132 749 224 797 mam
245 726 472 817 praetulefim.

235 830 397 897 Aeolismi
416 830 522 911 illius,
554 849 657 916 quem
678 836 783 917 poeta
805 830 840 896 in
870 833 1023 900 omnibus
1051 829 1250 901 carminibus

132 941 290 1022 usurpat,
326 933 455 1021 aliquot
485 932 641 1021 exempla
665 931 739 998 iam
773 955 874 1023 supra
901 934 1126 1026 dispersimus.
1185 934 1249 1000 His

133 1035 225 1104 adde
249 1035 363 1105 elisam
385 1037 529 1102 litteram
551 1034 586 1102 iu
610 1032 692 1128 περὶ
713 1032 769 1102 01.
792 1034 852 1103 Vl.
870 1034 931 1105 65.
954 1037 1054 1127 Pyth.
1080 1037 1140 1105 lV.
1162 1034 1249 1103 472.

133 1139 222 1207 etin
244 1139 435 1228 compositis
454 1131 649 1231 uapularem
668 1135 770 1226 Pyth.
790 1137 852 1204 111.
874 1138 934 1207 94.
959 1134 1126 1235 περόδοις
1151 1140 1249 1207 Nem.

131 1240 192 1309 Χ1.
208 1237 269 1307 51.
284 1240 333 1333 *).
384 1242 463 1309 Non
481 1240 632 1308 absimile
654 1249 704 1308 est
723 1236 812 1312 ποτ’
837 1237 957 1316 dccciv
981 1240 1038 1311 01.
1062 1242 1139 1310 VII.
1162 1239 1249 1313 165.

132 1343 266 1412 Deinde
288 1345 489 1411 solutionem
512 1341 721 1434 diphthongi
740 1343 775 1410 in
798 1342 867 1412 his:
892 1348 1061 1439 Αἰγεΐδαι
1078 1340 1186 1434 ¹Pyth.
1208 1344 1250 1412 V.

134 1444 221 1514 lol.
248 1441 439 1520 Ἀλιιεϊδοῖν
465 1443 522 1514 01.
550 1445 609 1513 vl.
640 1442 723 1512 115.
758 1441 947 1540 Ἀτρεΐδας
979 1447 1080 1538 Pyth.
1107 1448 1166 1514 Χ1.
1188 1445 1250 1513 47.

132 1548 251 1618 lsthm.
272 1549 365 1616 Vlll.
394 1548 480 1616 111.
522 1551 734 1646 Κρηθεΐδας
760 1548 861 1638 Pyth.
884 1551 944 1620 IV.
970 1549 1056 1616 271.
1086 1551 1250 1621 Οἰνεΐδαι

133 1653 249 1720 lsthm.
272 1652 314 1726 V.
339 1650 400 1726 39.
428 1655 589 1747 Πηλεΐδα
614 1650 714 1740 Pyth.
735 1651 794 1718 Vl.
822 1651 881 1718 22.
908 1651 1102 1743 Καδμοϊοῖν
1131 1650 1248 1722 Isthm.

133 1755 194 1828 lv.
217 1752 287 1826 88.
308 1749 464 1850 Πηνεϊδν
489 1752 590 1842 Pyth.
613 1754 655 1818 X.
686 1751 747 1818 86.
764 1827 766 1831 ,
782 1754 970 1834 Λατοΐδας
992 1755 1052 1827 lX.
1074 1753 1109 1819 8.
1134 1756 1249 1850 Τροΐα

133 1859 231 1925 Nem.
255 1858 317 1924 Ill.
338 1855 424 1924 103.
445 1855 504 1923 lv.
523 1853 574 1922 40
592 1855 668 1925 Vll.
685 1851 746 1921 59.
766 1854 883 1922 lsthm.
896 1857 955 1923 vl.
970 1855 1031 1924 41.
1048 1855 1141 1928 Vlll.
1163 1854 1272 1942 112.¹

134 1960 206 2028 Sed
227 1983 296 2028 non
324 1968 373 2028 est
394 1959 519 2026 horum
546 1965 699 2026 constans
728 1980 820 2026 usus:
853 1960 900 2029 sic
923 1956 1102 2054 Ἀἰγεΐδαι
1130 1959 1248 2033 Isthm.

133 2062 209 2132 Vll·
228 2062 290 2136 21.
316 2059 506 2158 Ἀτρεῖδαι
524 2060 579 2130 01.
596 2061 657 2134 lx.
684 2059 769 2128 1⁰1.
795 2062 984 2137 Οἰκλείδαν
1004 2063 1162 2134 Ν1111.11
1185 2060 1296 2130 1623

133 2165 306 2238 Λατοίδα
326 2164 427 2255 Pyth.
451 2167 478 2231 1.
502 2164 563 2231 22.
614 2164 710 2257 Alia,
735 2172 774 2230 ut
793 2164 944 2250 videtur,
970 2165 1113 2234 Aeolica
1138 2165 1249 2232 forma

134 2277 181 2336 est
202 2260 416 2358 οἱμεδοαθαι
442 2266 543 2354 Pyth.
572 2267 600 2338 1.
630 2262 693 2337 96.
724 2266 944 2352 restituenda,
985 2276 1147 2356 utsupra
1171 2268 1250 2352 dixi,

133 2371 236 2438 etiam
256 2368 315 2434 XI.
339 2367 399 2435 84.
423 2361 699 2464 παραμεύσεται
716 2368 814 2436 Nem.
839 2370 899 2442 Χ1.
924 2368 984 2437 lt.
1009 2365 1252 2464 οἷμευσίπορος

133 2471 234 2563 Pyth.
258 2471 319 2543 Χ1.
343 2467 405 2543 58.
428 2470 486 2538 ubi
509 2469 725 2538 scribendum
745 2470 878 2540 videtur
898 2468 984 2545 κατ’
1009 2466 1252 2567 ιῖμεοσιπόρος

134 2569 313 2671 τριόδους,
338 2574 399 2641 nisi
413 2574 486 2662 quis
502 2573 672 2662 utriusque
685 2575 863 2644 accusativi
879 2598 1093 2646 communem
1105 2575 1252 2642 formam

134 2677 314 2767 praeferat.
373 2676 514 2746 Prorsus
548 2676 729 2746 Aeolicum
760 2699 901 2766 nomen,
939 2680 1038 2748 etiam
1076 2677 1250 2770 digammo
1376 2675 1380 2684 “

133 2873 335 2891 ,ια-
403 2891 407 2899 ⁴

172 2966 203 3045 *1
225 2970 311 3032 Adde
340 2971 496 3052 περιδαῖον
523 2991 582 3050 pro
612 2973 783 3056 περιϊδαῑον
811 2973 916 3054 fragm.
945 2995 977 3054 p.
1002 2978 1075 3043 108.
1106 2975 1187 3056 quod
1208 2976 1251 3036 ita

133 3056 325 3136 scribendum
353 3056 491 3116 videtur:

340 3138 475 3220 ἐλαφροέν
495 3135 683 3223 κυπάρισσον
705 3143 836 3221 φιλέειν,

342 3225 397 3289 ἐᾶν
419 3223 452 3286 δὲ
473 3224 566 3304 νομὸν
589 3223 711 3306 Κρήτας
730 3250 819 3308 περι-

342 3311 444 3371 δαῖον·
466 3308 533 3389 ἒμοὶ
555 3305 588 3372 δ’
612 3307 712 3392 ὀλίγον
733 3309 788 3391 μὲν
809 3313 865 3391 γᾶς
890 3307 1022 3386 δέδοται,

339 3389 414 3458 ὅθεν
437 3387 546 3476 ἁδρός,
574 3393 714 3457 πενθέων
736 3389 762 3456 δ’

342 3474 400 3541 otiu
421 3477 544 3558 ἔλαχον,
567 3477 638 3542 ου’δὲ
661 3478 800 3541 στοισὲων.

123 3563 242 3624 Paucis
265 3572 439 3624 contentum
462 3570 524 3622 es'se
545 3564 696 3625 hominem
718 3564 828 3624 debere
850 3561 943 3634 dicit,
965 3583 1038 3640 nec,
1062 3562 1087 3621 si
1110 3583 1251 3643 cupresso

123 3648 307 3724 delecteris,
330 3648 479 3728 quidquid
499 3647 589 3709 huius
612 3650 726 3710 arboris
757 3649 837 3729 circa
864 3648 948 3707 ldam
978 3648 1119 3708 increta
1149 3668 1253 3706 nasca-

122 3743 195 3808 tur,
219 3734 430 3813 expetendum.
479 3734 664 3794 Abundabat
684 3744 783 3794 autem
805 3737 894 3793 Creta
914 3733 974 3792 hoc
997 3754 1102 3811 genere
1124 3733 1250 3808 arboris,

123 3826 259 3880 auctore
280 3819 447 3899 Hermippo
471 3820 552 3899 apud
574 3820 757 3879 Athenaeum
779 3841 810 3899 p·
833 3824 885 3884 27.
916 3819 950 3880 F.
973 3820 1086 3879 Plinius
1106 3818 1144 3879 ll.
1166 3819 1202 3877 N.
1227 3839 1252 3877 c.

123 3910 185 3971 38.
208 3924 232 3965 s.
256 3908 308 3968 60.
333 3905 370 3963 de
400 3905 519 3964 duobus
541 3905 699 3984 generibus
729 3904 884 3984 cupressi:
914 3904 989 3962 huic
1009 3907 1120 3983 patria
1148 3904 1266 3983 insula!

129 3989 236 4050 chata.
267 4019 309 4036 -·
344 3987 406 4049 Sed
435 3992 468 4046 in
501 3989 591 4048 Creta
626 4011 813 4070 quocumque
840 3992 874 4046 iu
902 3990 965 4046 loco
993 4000 1103 4047 terram
1126 3991 1255 4047 moverit

126 4074 307 4155 quispiam,
333 4078 366 4138 vi
386 4075 529 4134 naturali
549 4075 623 4133 liaeo
641 4079 800 4155 gignitur,
824 4077 1028 4153 protinusque
1046 4076 1172 4132 emicat:
1195 4075 1254 4132 illa
1351 4121 1352 4126 .
1389 4132 1393 4139 ,

125 4180 202 4221 ¹vero
225 4163 319 4217 etiam
340 4181 401 4220 nou
422 4160 574 4239 appellato
595 4161 659 4218 solo
681 4182 720 4217 ac
739 4170 858 4239 sponte,
892 4163 1076 4239 maximeque
1097 4161 1131 4216 in
1153 4158 1278 4219 Idaeis.

133 4244 291 4303 montibus
312 4257 340 4304 et
361 4266 439 4324 quos
459 4243 557 4303 Albos
577 4257 702 4322 vocant,
730 4247 915 4322 summisque
936 4246 1035 4327 iugis,
1064 4242 1144 4306 unde
1169 4247 1254 4305 nives

136 4350 311 4412 numquam
332 4331 461 4408 absunt,
486 4331 646 4412 plurima,
679 4328 765 4412 quod
790 4331 958 4415 miremur*
