2826 4904
144 283 211 347 ιιε
372 278 429 339 οι
454 276 640 340 ειιιιει
667 276 725 340 ιιι
743 276 1028 341 ειιιοιιιειιο
1128 230 1132 239 ’

144 472 247 543 qnam
266 449 338 521 ulla
353 448 419 519 alia
432 450 614 543 particula,
638 450 836 520 infinitivum
849 459 986 543 regant,
1011 458 1046 520 et
1062 448 1159 541 ipsae
1174 448 1257 540 quid

144 554 204 624 hio
223 554 286 623 sibi
308 555 427 642 velint,
460 578 482 621 a
499 562 534 622 te
556 554 716 646 explicari
738 554 937 645 postulent?
960 555 1041 623 Hoo
1061 553 1257 622 scilicetto-

145 666 218 726 tum
242 665 292 727 est
316 656 403 727 illud
425 657 583 747 ellipseos
599 660 809 747 mysterium,
834 680 898 749 per
916 656 1048 747 ellipsin
1066 657 1189 724 omissa
1205 656 1257 724 di·

147 781 245 847 cere,
276 783 363 850 quae
383 759 464 828 ahhi
493 759 575 829 addi
596 760 726 846 videas,
752 761 872 829 sivetu
892 760 995 845 scias,
1020 782 1181 849 quorsum
1195 760 1257 827 ad·

146 862 287 947 dantur,
312 865 381 932 sive
395 861 531 931 nescias.
564 861 799 955 Ingrediamur
812 886 874 931 nos
891 863 993 931 aliam
1007 863 1107 932 riam.
1144 864 1258 952 Atque

147 963 237 1036 haec
258 965 329 1034 duo
347 967 419 1033 iure
446 974 581 1051 nostro,
610 974 648 1034 ut
674 974 783 1053 certa,
814 988 998 1034 sumemus:
1030 988 1152 1050 unum,
1183 966 1258 1033 infi-

145 1069 283 1137 nitivum
305 1070 341 1136 in
365 1068 499 1138 Graeco
521 1091 675 1138 sermone
696 1092 761 1160 per
785 1093 822 1138 se
844 1069 1034 1161 significare
1060 1069 1184 1152 finem,
1217 1068 1259 1136 ad

146 1192 249 1259 quem
270 1171 352 1260 quid
374 1172 450 1260 fiat3
479 1172 639 1258 alterum,
664 1196 774 1262 neque
796 1169 857 1258 οἷς,
883 1195 993 1260 neque
1013 1167 1105 1244 ὥστε
1124 1171 1259 1239 infiniti-

145 1296 226 1341 vum
246 1296 377 1365 regere.
434 1273 507 1342 lam
533 1296 602 1363 quo
632 1276 820 1368 intelligas,
860 1275 943 1364 quid
976 1271 1040 1359 ὥς,
1079 1273 1137 1343 vel
1166 1272 1259 1358 ὤςτε,

87 1376 91 1401 ¹
145 1375 241 1467 quod
255 1376 341 1443 nihil
363 1377 486 1444 estnisi
507 1384 547 1445 at
558 1376 673 1470 sorte,
699 1378 761 1446 sibi
779 1379 876 1465 velit,
901 1376 986 1446 nihil
1006 1398 1092 1468 opus
1107 1384 1174 1463 est,
1199 1375 1259 1444 nisi

145 1487 183 1547 ut
203 1479 392 1548 memineris
415 1479 573 1549 similium
600 1480 831 1549 formularum
882 1479 1079 1607 Xenophon
1101 1480 1212 1548 Anah.
1232 1478 1258 1548 1

145 1580 189 1667 6,
216 1580 252 1650 8.
279 1577 410 1655 όδέ
386 1581 628 1678 αιιειιρένωνο,
654 1580 717 1656 ὅτι
737 1579 818 1659 ουἰλ
835 1586 870 1656 εἰ
887 1582 1073 1681 γενοίμην,
1101 1611 1128 1654 ω
1116 1577 1257 1676 Κῦρε,

53 1766 73 1789 ⁴,
146 1680 265 1776 σοίγ’
286 1683 332 1757 οἷν
356 1685 413 1758 ἔτι
437 1685 527 1758 ποτέ
550 1679 707 1777 δόξαιμι.
766 1685 864 1756 Idem
884 1690 1012 1776 Gyrop
1039 1685 1100 1753 lv.
1130 1682 1256 1770 3,15.

146 1781 230 1859 οἱλλ
258 1780 328 1878 ε’γω
347 1788 436 1879 μέν,
463 1787 557 1906 ἔφη,
575 1785 688 1868 οὕτως
717 1788 930 1911 έπιθμμιλ
916 1783 1082 1862 thaadaor
1107 1792 1255 1917 μαθεῖν,
1292 1842 1299 1869 s

147 1884 192 1969 oie
209 1886 410 1980 νομίζω,
386 1915 431 1982 ην
447 1881 573 1968 ἱπσενς
587 1891 766 1982 γένωμαι,
793 1888 987 1990 ἄνθρωπος
1007 1917 1141 1989 πτηνος
1159 1890 1256 1984 γενέ-

146 1997 248 2063 σθαι.
272 1988 453 2080 Euripides
473 1989 553 2082 lph
572 1991 676 2059 Taur.
693 1991 803 2060 1211.

299 2120 413 2201 οἶσθα
436 2125 500 2200 νῦν
525 2122 552 2198 οἷ
570 2152 638 2219 μοι
659 2129 829 2222 γενέσθω.

144 2258 340 2355 Sophocles
364 2259 452 2333 Oed.
468 2262 512 2331 R.
530 2257 618 2332 543.

298 2395 405 2474 οἷσθ’
432 2395 478 2481 οἷς
497 2397 659 2497 ποίησον.

143 2533 334 2629 Aeschylus
354 2538 447 2606 Pers.
474 2534 561 2605 187.
649 2556 652 2563 ·

77 2681 142 2745 193
300 2664 422 2746 τούτω
445 2665 669 2746 ardomain
690 2669 735 2754 oie
753 2665 822 2769 ε’γω
842 2666 1027 2747 ’ὃόιιονν
1006 2670 1100 2772 οριῖν

299 2766 456 2864 τεύχειν
460 2779 499 2847 ἐν
517 2769 700 2873 ἀλλήλῃσι,

145 2909 190 2977 de
212 2929 281 2997 qua
302 2907 503 2993 formula,
492 2931 528 2976 ιιι
552 2932 620 2999 qua
636 2909 792 2979 haeserat
804 2911 958 3003 Reizius,
985 2910 1080 3000 (vide
1095 2911 1142 2981 ad
1157 2911 1261 3004 Vrge-

143 3033 221 3079 rum
250 3034 286 3103 p.
310 3007 415 3102 731.)
450 3010 552 3080 docte
586 3013 737 3082 disseruit
772 3014 963 3098 Erfurdtius
999 3014 1045 3083 ad
1082 3015 1263 3108 Sophoclis

80 3198 86 3215 ,
145 3112 261 3204 Antig.
293 3110 380 3181 ⁸532.
413 3114 610 3183 Herodotus
636 3116 696 3185 lx.
721 3114 784 3182 42.
817 3114 952 3212 ἥδεσθε
974 3110 1113 3213 τούτου
1135 3125 1262 3206 ainata,

118 3286 121 3292 ,
146 3213 191 3297 ως
218 3217 496 3311 περιεσομένους
519 3216 632 3313 η’μέοις
651 3213 844 3314 Ἑλλήνων.
901 3221 979 3289 Hae
1004 3221 1262 3289 constructiones

146 3340 262 3385 omnes
276 3318 360 3407 quid
379 3319 475 3389 aliud
489 3343 592 3409 quam
616 3320 759 3390 duarum
774 3323 982 3392 locutionum
999 3320 1034 3390 in
1058 3347 1160 3391 unam
1182 3346 1264 3393 cou-

144 3421 313 3491 iuuctioue
338 3431 438 3490 natae
458 3423 559 3492 sunt?
597 3424 793 3554 Xenophon
814 3426 861 3495 sic
883 3425 1081 3518 incipiebat,
1108 3448 1150 3496 ac
1168 3425 1196 3493 si
1211 3425 1265 3494 di-

146 3531 259 3592 cturus
286 3532 388 3609 esset,
423 3520 484 3597 ὅτι
506 3519 582 3599 οὐδ
607 3530 643 3598 εἰ
663 3529 828 3618 γένοιτο,
855 3525 1037 3651 εἰιείνγιγ
1062 3522 1265 3602 ἂνὲτιδό-

145 3634 247 3707 ξειεν.
300 3625 499 3717 Euripides,
525 3630 758 3748 tamquam-si,
785 3627 898 3703 οἶσθα
921 3633 1007 3720 νῦν,
1038 3628 1064 3702 οἶ
1079 3657 1163 3759 μοι
1170 3632 1267 3724 γενέ

145 3735 239 3801 σθαι
263 3721 343 3825 χρή.
394 3728 607 3820 Sophocles,
633 3742 670 3799 ut
693 3733 738 3819 si,
766 3727 869 3805 οἷσθ’
890 3761 935 3813 ως
940 3736 1127 3856 ποιητέον
1145 3734 1266 3826 ἐστιν·

144 3829 353 3920 Aeschylus,
380 3831 486 3901 veluti
508 3833 705 3924 scripturus,
731 3827 850 3907 τοέιω
879 3829 1008 3908 στάσιν
1021 3831 1104 3916 τίν,
1137 3833 1182 3915 ‹o‘c
1199 3830 1267 3930 ε’γω

143 3925 320 4003 ἐδοίιοιιν
300 3932 401 4027 οροῖν,
429 3935 577 4027 ἑτεοχον
591 3964 628 4010 εν
641 3931 842 4033 αλληλησιν
894 3938 1092 4006 Herodotus
1106 3930 1266 4029 denique,

4 4114 7 4118 Α
143 4043 181 4100 ut
192 4058 251 4123 qur
239 4034 411 4106 dicturus
433 4046 537 4124 esset,
563 4036 697 4135 ηδεοθε
710 4066 846 4112 τουτον
862 4047 979 4114 εινειιοι
985 4095 1000 4130 ,
1028 4067 1074 4121 ως
1091 4068 1266 4137 περιεσο

144 4135 289 4228 μεθοι
266 4144 369 4232 ημεῖς
389 4134 582 4239 Ελλήνων
642 4142 799 4210 Indidem
826 4153 893 4228 est,
934 4143 1150 4233 quodetiam
1171 4144 1268 4211 Mat-

144 4236 280 4307 thiae
271 4262 307 4308 m
328 4241 464 4314 Graeca
489 4245 711 4337 grammatica
742 4245 945 4335 observavit,
992 4269 1070 4318 usus
1097 4246 1272 4317 indicativi
