2826 4904
266 282 451 360 erosas
472 298 527 358 ur
550 297 792 361 rourrcan
816 294 1085 360 carmonis.
1189 296 1234 360 er

114 477 228 566 primo
252 472 299 540 de
320 471 563 562 cogitationum
589 470 873 555 conformatione,
899 467 1024 537 deinde
1045 465 1090 534 de
1108 465 1232 537 dictio·

114 580 166 647 nis
182 577 312 660 forma,
337 584 512 666 postremo
528 574 574 642 de
588 575 784 644 elocutionis
796 573 925 642 ratione
947 571 1145 664 aperiemus.

354 824 988 910 Do'cogitotionilua.

218 987 271 1054 Ac
301 983 460 1072 quoniam
486 1006 509 1051 a
536 982 814 1074 cogitationibus,
856 1004 944 1070 quae
972 981 1169 1072 primarium
1195 981 1232 1049 in

113 1089 209 1158 omni
230 1086 380 1154 oratione
403 1086 518 1155 locum
543 1095 673 1170 tenent,
706 1085 835 1153 initium
857 1085 931 1153 fieri
949 1109 1015 1176 par
1034 1093 1101 1173 est,
1127 1083 1231 1156 iubis

108 1215 204 1282 quae
220 1182 331 1281 prima
350 1196 401 1257 est
423 1196 458 1258 et
479 1189 623 1256 maxima
638 1209 782 1279 poeseos
799 1210 840 1258 ac
852 1210 975 1279 prosae
991 1189 1147 1255 orationis
1161 1186 1231 1257 dif-

113 1294 273 1377 ferentia,
299 1314 342 1360 eo
358 1300 525 1381 censatos,
551 1291 646 1381 quod
665 1291 816 1377 notitias,
841 1292 876 1358 in
891 1292 1011 1380 quibus
1024 1289 1232 1383 exponendis

112 1419 227 1478 sermo
249 1403 416 1479 versatur,
446 1396 482 1462 in
504 1418 608 1486 prosa
631 1396 780 1463 oratione
806 1394 851 1462 ad
876 1395 1024 1485 aliquam
1044 1418 1117 1463 rem
1138 1402 1232 1462 erm

113 1523 177 1569 nos
194 1501 358 1590 positam,
384 1499 419 1565 in
430 1500 528 1587 poesi
545 1498 590 1567 ad
606 1499 840 1589 nosmetipsos
858 1508 1076 1586 nostrumque
1099 1517 1231 1567 sensum

112 1603 299 1672 referimus.
351 1601 415 1669 Est
432 1611 544 1672 autem
556 1602 682 1671 referre
695 1602 828 1669 notitias
845 1602 890 1670 ad
911 1620 963 1671 res
981 1610 1072 1668 extra
1089 1622 1150 1666 nos
1162 1619 1231 1688 po-

114 1707 203 1791 sitas,
214 1727 439 1796 cognoscere3
464 1707 510 1773 ad
522 1715 652 1774 nosmet
667 1705 769 1794 ipsoS,
786 1705 914 1773 sentire.
940 1704 1059 1791 ltaque
1073 1702 1131 1791 qui
1146 1723 1232 1791 pro-

114 1833 153 1878 sa
175 1810 326 1877 oratione
349 1816 503 1894 utuntur,
537 1809 699 1898 cognosci
720 1806 850 1895 aliquid
870 1809 913 1876 ab
937 1805 1144 1875 auditoribus
1164 1805 1231 1871 suis

112 1912 247 1992 volunt;
278 1910 338 1999 qui
358 1913 471 2000 poesi,
502 1912 549 1979 ad
570 1912 779 2000 voluptatem
803 1912 988 1980 orationem
1010 1915 1229 2003 componunt.

111 2015 168 2083 Ac
180 2013 469 2104 quemadmodum
482 2015 613 2107 poesis,
638 2038 727 2103 quae
739 2012 824 2081 nihil
837 2014 882 2083 ad
903 2013 1003 2083 arrimi
1018 2036 1150 2081 sensum
1164 2021 1257 2082 vor
1375 1998 1378 2006 ¹

109 2118 343 2208 luptatemque
367 2115 520 2208 afferret,
555 2141 624 2185 non
636 2127 720 2186 esset
731 2118 862 2207 poesis:
893 2118 941 2186 sic
961 2139 1005 2183 ne
1027 2137 1129 2205 prosa
1152 2113 1230 2201 qui-

109 2221 196 2287 dem
213 2243 255 2285 ca
276 2219 345 2288 dici
367 2229 482 2307 posset
498 2221 622 2304 oratio,
648 2242 736 2304 quae
747 2209 834 2283 nulli
848 2219 898 2284 rei
908 2215 1164 2307 cognoscendae
1178 2214 1231 2282 in-
1268 2276 1272 2281 .

110 2323 261 2390 serviret.
312 2320 353 2384 ln
365 2321 465 2407 poesi
482 2320 620 2407 quidem
633 2342 686 2386 res
701 2326 895 2407 apertaest3
921 2319 1094 2386 obscurior
1109 2316 1230 2408 paullo

109 2427 149 2492 in
162 2446 266 2516 prosa
277 2423 437 2488 oratione
486 2423 577 2490 Nam
597 2419 686 2489 haec
699 2443 855 2509 quoque,
880 2443 950 2489 nou
970 2444 1064 2489 secus
1082 2444 1124 2490 ac
1143 2440 1232 2508 poe-

112 2529 173 2613 sis,
209 2547 346 2594 movere
368 2525 514 2592 animum
534 2548 576 2593 ac
596 2526 794 2614 perturbare
816 2534 966 2596 conatur.
1001 2524 1074 2590 At
1100 2530 1231 2589 tantum

113 2632 226 2713 abest,
252 2627 354 2696 hac
344 2651 380 2695 ιιι
400 2651 437 2697 re
455 2639 493 2695 ut
517 2626 646 2717 aliquid
668 2636 839 2694 mutuetur
862 2651 883 2693 a
902 2626 1015 2717 poesi,
1049 2633 1087 2694 ut
1108 2625 1229 2716 magis,

113 2742 277 2823 quantum
297 2733 340 2798 ab
362 2755 403 2798 ea
424 2730 574 2818 differat,
600 2730 754 2798 videatur
778 2730 966 2799 ostendere.
1022 2730 1112 2798 Nam
1134 2727 1229 2816 quod

114 2837 233 2928 paullo
254 2843 329 2904 aute
353 2834 564 2920 dicebamus,
595 2836 631 2902 in
651 2857 753 2923 prosa
774 2836 924 2903 oratione
953 2832 1084 2901 notitias
1108 2830 1154 2899 ad
1174 2854 1228 2900 res

114 2949 206 3008 extra
220 2963 281 3007 uos
298 2937 425 3031 positas
439 2939 574 3023 referri,
599 2936 637 3003 id
653 2938 709 3006 vel
724 2938 868 3007 manime
879 2937 928 3005 ibi
944 2937 1025 3004 licet
1039 2956 1228 3027 cognosce-

112 3066 169 3127 re,
194 3044 254 3110 ubi
279 3049 429 3110 oratores
449 3043 594 3132 aliquem
616 3042 716 3108 animi
729 3051 878 3126 motum,
904 3048 942 3108 ut
952 3039 1228 3130 indignationem,

112 3146 376 3230 miserationem,
407 3154 554 3229 metum,
586 3145 621 3210 in
647 3144 762 3211 animis
788 3145 980 3212 auditorum
1001 3142 1145 3211 excitare
1157 3148 1228 3208 stu-

113 3248 204 3316 deut.
254 3249 375 3337 Neque
395 3250 484 3316 enim
505 3256 636 3328 orator,
661 3256 699 3314 nt
720 3258 847 3336 poeta,
880 3247 920 3313 iis
939 3244 1057 3328 rebus,
1083 3266 1170 3331 quae
1192 3241 1228 3308 in

113 3374 248 3440 quaque
263 3351 467 3441 cogitatione
482 3358 634 3438 expertes
648 3360 723 3416 sunt
735 3349 846 3418 clarae
858 3345 1075 3438 cognitionis,
1101 3344 1159 3414 sod
1176 3345 1226 3429 iis,

112 3477 202 3547 qqae
217 3454 378 3545 cognosci
400 3452 685 3540 demonstrarique
698 3460 857 3542 possunt,
882 3450 1010 3516 animos
1026 3457 1226 3518 commovet.

114 3557 227 3626 Docet
244 3558 322 3642 ille,
355 3558 626 3648 argumentisque
650 3554 812 3641 ostendit,
847 3554 928 3624 utile
950 3553 1078 3641 aliquid
1093 3553 1147 3620 vel
1161 3572 1226 3617 no-

112 3661 224 3746 xium,
248 3660 448 3728 admirabile
461 3659 826 3779 vel-contemnendum,
842 3657 1082 3779 exoptandum
1094 3654 1151 3727 vel
1169 3651 1226 3717 fn-

111 3763 275 3855 gienduun
297 3787 384 3833 esse:
416 3788 504 3854 quae
527 3770 725 3854 argumenta
742 3763 823 3852 quia
841 3763 877 3828 in
895 3762 1056 3831 virerum
1072 3766 1225 3824 externa-

110 3889 189 3934 rum
212 3868 257 3934 ad
275 3868 402 3935 animos
419 3869 597 3965 hominum
625 3869 737 3956 posita
764 3873 856 3950 sunt,
889 3864 976 3958 petit
998 3885 1039 3928 ea
1061 3861 1105 3926 ab
1129 3879 1226 3927 sensu

110 3970 290 4059 cuiusque,
316 3962 461 4060 eumque
483 3981 522 4038 ut
540 3978 768 4059 commoveat,
792 3988 881 4036 nunc
901 3987 1019 4034 eorum
1036 3962 1118 4031 facit
1131 3983 1224 4028 men-

109 4073 256 4160 tionem,
290 4096 378 4162 quae
402 4084 501 4166 grata
528 4074 584 4141 vel
609 4074 741 4165 ingrata
768 4069 976 4138 auditoribus
997 4090 1067 4135 esse
1088 4064 1224 4147 debent,

111 4196 202 4247 nunc
221 4200 257 4246 se
276 4178 390 4269 ipsum
410 4178 457 4244 ita
480 4188 688 4246 commotum
706 4178 746 4244 iis
763 4171 929 4257 ostendit,
949 4179 987 4239 ut
1006 4192 1075 4240 ιιοιι
1096 4170 1225 4262 possint

113 4305 184 4350 non
207 4280 253 4349 ad
275 4281 423 4353 eiusdem
445 4280 703 4374 perturbationis
718 4281 911 4348 societatem
926 4275 1047 4369 abripi.
1098 4275 1229 4362 Quare,
