2826 4904
514 323 878 388 laricisnlnvn.
1000 356 1014 399 χ
1190 327 1256 394 m

143 503 178 563 et
206 502 453 586 repugnantem
483 497 664 565 lectionem
688 496 932 586 exhibentium
962 499 1066 566 nisam
1086 495 1157 566 boc
1177 498 1254 589 ipso

143 599 307 666 librorum
330 598 476 666 dissensu
498 599 693 668 facilitatem
717 603 938 681 emendandi3
968 600 1114 690 denique
1139 601 1254 669 verisi-

143 701 367 768 militudinem
387 702 426 767 ias
444 710 512 768 tam
532 702 700 791 frequenti
725 705 909 797 scripturae
930 702 1181 794 perturbatione
1199 702 1253 770 in-

143 803 328 872 veniendae
345 803 527 893 aliquando
542 807 578 872 in
590 805 762 875 codicibus
777 831 877 876 verae
893 806 1063 877 lectionis:
1088 805 1253 894 quemad-

142 907 285 974 modum
310 907 345 973 in
368 905 534 999 Sophocl.
556 907 645 977 Oed.
666 909 719 997 u„
735 907 821 977 198.
849 908 914 1006 ἦν,
944 901 1041 1002 quod
1062 908 1299 980 anckiuslt)
1382 994 1386 1003 Ι

143 1031 185 1078 ex
205 1010 397 1079 coniectura
415 1020 590 1100 posuerat,
614 1032 703 1081 nunc
723 1012 769 1079 ab
788 1011 965 1079 Erfurdtio
991 1035 1011 1079 e
1035 1011 1112 1080 cod.
1131 1011 1252 1079 Dresd.

142 1112 312 1180 firmatum
326 1122 385 1181 est.
415 1115 465 1183 Et
475 1112 602 1181 habent
614 1113 702 1182 haec
715 1137 793 1182 sane
808 1137 968 1206 magnum
984 1114 1133 1206 pondus,
1150 1121 1255 1204 prae-

142 1216 256 1318 sertim
279 1237 384 1304 quum
404 1217 468 1282 sint
495 1217 530 1283 in
558 1215 611 1284 his
640 1217 741 1301 locis,
774 1220 851 1305 qni,
882 1218 1010 1286 etiamsi
1030 1217 1103 1306 quis
1125 1220 1253 1289 sicum

144 1320 354 1387 coniunctivo
370 1320 516 1387 construi
529 1340 630 1408 posse
646 1319 827 1405 concedat,
854 1320 1123 1389 emendationem
1137 1321 1253 1408 requi-

142 1430 226 1489 rant.
278 1400 411 1490 Vellem
426 1422 586 1514 profecto
607 1423 883 1493 communicasset
901 1424 1032 1492 Bastius
1047 1446 1125 1495 cum
1141 1423 1253 1492 lecto-

142 1526 233 1592 ribus
250 1526 422 1620 exempla,
451 1548 538 1614 quae
558 1550 580 1594 a
602 1549 638 1594 se
658 1527 802 1595 collecta
820 1527 953 1611 scribit,
977 1549 1046 1614 quo
1059 1525 1252 1616 singillatim

142 1626 231 1695 de”
209 1651 249 1694 ns
271 1627 433 1718 disputari
452 1638 574 1720 posset
629 1631 718 1697 Nam
737 1652 842 1717 quum
864 1637 897 1697 ct
924 1656 956 1700 ει
951 1628 1068 1696 ’aliud
1089 1631 1130 1706 sit
1149 1651 1251 1718 quam

141 1755 206 1823 ην,
233 1737 268 1797 et
286 1731 512 1800 coniunctivus
528 1732 671 1798 aliam
640 1753 709 1800 vnn
722 1730 850 1799 habeat
860 1753 962 1819 quam
977 1731 1159 1821 optativus,
1183 1752 1253 1797 non

142 1843 228 1922 puto
256 1834 401 1921 ubique,
432 1834 492 1900 ubi
520 1833 598 1901 libri
623 1843 802 1922 utmmque
828 1835 1010 1924 praebent,
1048 1832 1141 1901 idem
1171 1856 1252 1916 esse,

141 1943 254 2003 utrum
270 1937 306 2007 εἰ
317 1958 360 2002 an
373 1933 416 2032 ἤν
425 1989 441 2025 ,
463 1937 650 2026 optativum
664 1959 707 2005 an
719 1936 965 2006 coniunctivum
979 1937 1167 2027 praeferas:
1191 1959 1253 2004 ne·-

140 2061 209 2126 que
231 2039 408 2124 assentior,
433 2062 538 2128 quum
560 2041 612 2108 vir
636 2040 932 2131 praestantissimus
952 2040 987 2108 in
1015 2040 1148 2109 duobus
1167 2039 1254 2108 locis

140 2140 376 2231 Alciphronis,
402 2164 487 2230 quos
507 2143 596 2210 solos
618 2142 735 2226 affert,
769 2142 831 2210 lll.
852 2141 913 2214 21.
941 2151 976 2209 et
1004 2140 1064 2208 31.
1088 2141 1174 2209 nihil
1196 2165 1252 2211 re-

138 2243 231 2309 ferre
245 2243 426 2327 existimat,
451 2252 563 2311 utrum
576 2266 618 2312 ex
631 2243 790 2313 Thomae
808 2251 994 2334 praecepto
1018 2270 1050 2315 ει
1041 2230 1110 2316 δι’
1130 2237 1251 2347 μα’θη,

87 2423 88 2427 Ἰ
138 2347 177 2417 ei
189 2337 369 2439 πρόφασις
379 2346 545 2442 γένηται,
571 2369 614 2413 an
630 2374 661 2417 ει
656 2345 716 2418 δὲ
730 2340 852 2440 μα’θοι
861 2396 872 2436 ,
896 2349 931 2418 εἰ
941 2339 1123 2440 πρόφασις
1137 2346 1251 2438 γένυν·

138 2471 184 2519 ro
207 2447 377 2514 scribatur.
430 2447 607 2539 Optativus
627 2448 729 2535 enim,
756 2448 826 2517 ut
816 2471 852 2514 ιιι
875 2448 989 2539 priore
1008 2447 1132 2516 horum
1153 2448 1246 2515 loco·

139 2573 215 2617 mm
227 2549 359 2617 admitti
371 2551 566 2640 potuerit,
557 2552 711 2620 moltero
726 2560 817 2622 certe
831 2551 1032 2643 nonpotuit.
1084 2551 1124 2618 ln
1138 2550 1252 2641 priore

141 2654 285 2772 epistola
298 2653 418 2722 mulier
432 2654 564 2740 scribit,
590 2656 725 2724 absente
741 2654 880 2739 marito,
905 2653 1114 2746 negligentia
1130 2676 1252 2745 capra-

140 2756 180 2823 rir
169 2755 372 2841 accidisse,
401 2766 440 2824 ut
460 2758 560 2847 lupus
584 2758 752 2850 capellam
768 2765 922 2848 raperet.
947 2767 1019 2826 tum
1044 2755 1158 2824 addit.
1182 2756 1250 2830 rre-

139 2882 275 2931 πυσταν
292 2858 330 2931 δὲ
350 2855 456 2934 οὐδὲν
473 2852 613 2933 τούτων
630 2858 651 2933 o‘
666 2854 775 2958 ἀνήρ·
804 2888 835 2933 ει
830 2860 895 2932 δὲ
915 2853 1021 2955 pacida
1030 2914 1045 2948 ,
1057 2853 1251 2980 κρεμήσε-

139 2988 202 3033 ται
216 2960 283 3053 μὲν
300 2964 337 3033 ἐκ
353 2962 416 3050 τῆς
437 2961 588 3084 πλησίον
608 2961 733 3043 πίτυος
750 2990 770 3035 o
762 2957 991 3054 μισθωτός·
1018 2956 1129 3041 αὐνός
1148 2962 1187 3034 δὲ
1206 2957 1251 3032 ori

139 3057 320 3185 πρότερον
350 3057 474 3162 νῖνήσεν
497 3059 618 3137 πάντα
644 3059 920 3163 μηχανώμενος,
953 3064 1039 3159 πρὶν
1063 3058 1129 3143 τοῖς
1148 3056 1250 3160 capri

138 3192 206 3237 τον
194 3160 326 3237 λύκον
342 3165 439 3246 δίκας
454 3161 723 3262 ιιςπρνίξασθαι.
775 3167 903 3235 Mulier
923 3168 987 3233 ista
1001 3189 1106 3254 quum
1122 3173 1250 3232 tantum

138 3269 239 3348 absit,
264 3277 301 3336 ut
319 3269 431 3338 celare
452 3291 524 3337 rem
542 3269 633 3352 velit,
658 3278 697 3336 ut
710 3269 818 3358 magis
838 3268 994 3353 maritum
1014 3268 1130 3358 cupiat
1145 3267 1250 3334 resci-

138 3393 251 3463 scere,
282 3371 422 3462 proprie
443 3381 499 3438 aut
527 3397 557 3442 εν
553 3365 811 3493 ’μαθήσεται,
845 3369 877 3437 si
902 3369 1081 3454 resciscet,
1120 3366 1229 3436 aut
1203 3394 1247 3465 ην

137 3466 264 3569 μάθῃ,
290 3474 462 3559 ueletiam
483 3501 514 3546 ει
509 3467 660 3569 μα’θη,
686 3472 718 3540 si
738 3471 936 3556 resciverit,
944 3470 1074 3541 dicere
1091 3470 1247 3539 debebat.

138 3576 287 3660 Quod
263 3599 290 3643 ει
310 3578 345 3648 εἰ
357 3567 479 3671 pisos
499 3576 647 3666 scripsit,
679 3597 747 3643 non
764 3583 877 3676 potest
900 3572 970 3647 hoc
991 3575 1084 3643 aliter
1104 3573 1247 3666 intelligi
1300 3657 1303 3663 ἴ
1370 3642 1381 3655 ,

136 3701 240 3767 quam
260 3678 323 3748 sict
360 3680 391 3748 si
411 3681 580 3763 moritus,
613 3679 671 3747 oui
697 3700 789 3747 nunc
819 3679 855 3746 io
874 3675 963 3746 urbe
994 3677 1141 3777 degenti
1127 3696 1250 3745 erem
1335 3770 1337 3774 ἁ

135 3783 373 3850 nunciatam
360 3782 406 3851 ari
419 3805 488 3851 aon
506 3788 557 3850 est
570 3782 774 3868 verisimile,
789 3778 893 3873 sorte
911 3779 1088 3850 resciscat
1140 3773 1245 3863 Quod

137 3885 407 3974 ¹quidemvereor
420 3885 627 3953 utmaluerit
641 3885 773 3970 dicere,
800 3907 900 3973 quam
917 3883 1022 3968 illud,
1044 3880 1242 3952 sirescive-
1295 3916 1302 3922 ·

136 3989 186 4056 rit
199 3989 317 4056 redux
333 3987 381 4056 ab
401 3987 499 4058 urbe.
550 3988 587 4054 ln
607 3988 749 4079 epistola
764 3986 823 4054 31.
848 3987 967 4054 mulier
981 3986 1073 4053 urbis
1083 3985 1243 4054 uisendas

137 4091 266 4182 cupida
280 4094 328 4160 sic
342 4092 472 4169 scribit:
499 4086 617 4163 siorir
634 4116 692 4163 σοι
712 4086 894 4187 πρόφασις
917 4086 1006 4161 o‘dori
1017 4087 1162 4160 ⁴ci'orodr
1181 4091 1243 4181 γε’-
1309 4154 1310 4159 ,

135 4221 244 4289 νηταν
252 4249 267 4283 ,
294 4191 356 4290 ἧνν
376 4188 520 4274 α’πνέξων
535 4192 598 4265 νῦν
615 4190 716 4286 enipi.
769 4193 837 4260 Hic
854 4215 933 4259 vero
949 4191 1125 4279 quomodo
1143 4200 1247 4282 opta»

134 4299 220 4366 tivus
235 4297 366 4365 admitti
376 4297 501 4388 possit,
526 4318 595 4383 non
609 4296 724 4365 video:
750 4296 878 4388 quippe
896 4316 1000 4386 quum
1022 4294 1244 4370 desolutum
