2826 4904
458 292 507 356 In
537 292 721 357 GRAECA
752 295 946 360 ulnevl.
1192 305 1254 369 161

140 467 273 556 Aliquis
292 465 379 535 enim
399 463 538 554 mensis,
571 466 690 558 aliquis
715 467 788 537 dies
811 471 957 561 exempli
978 469 1079 539 instar
1106 480 1175 560 est,
1208 474 1254 545 nd

140 572 237 661 quod
256 569 382 640 caeteri
399 591 529 638 menses
546 591 589 640 ae
612 571 683 640 dies
706 583 952 663 comparentur.
1021 621 1025 628 -

241 689 356 774 Alius,
396 689 492 778 isque
522 689 680 759 latissime
707 700 827 782 patens
852 693 940 762 falso
966 693 1172 762 inventarum
1201 695 1252 762 el«

139 791 276 883 lipsium
288 786 371 859 loni
378 793 473 861 ineo
487 793 615 882 positus
631 803 695 879 est,
720 793 814 882 quod
831 819 934 888 saepe
953 817 1076 864 nomen
1098 798 1252 865 substan-

138 895 263 980 tivum,
288 893 350 963 sed
368 895 514 963 formam
534 895 661 965 habens
681 895 852 983 adiectivi,
877 921 943 990 pro
962 899 1127 968 adieetivo
1149 899 1252 968 habi·

138 1009 212 1066 tum
227 1008 285 1066 est.
336 998 390 1066 Ex
410 1020 479 1087 quo
505 1019 633 1090 genere
653 1000 777 1066 multos
804 1023 931 1069 errores
960 1001 1028 1069 iam
1047 1000 1252 1072 Sohaefetus

138 1102 277 1170 notant.
328 1100 497 1192 Exempla
520 1103 578 1189 qui
603 1101 788 1186 desiderat,
805 1103 968 1188 abunde,
994 1103 1089 1192 quod
1104 1105 1251 1189 miretur,

136 1204 283 1272 inveniet
299 1204 335 1270 in
347 1201 410 1289 his,
436 1226 524 1294 quae
538 1205 583 1273 de
598 1205 708 1297 ellipsi
721 1205 893 1275 nominum
906 1198 998 1303 α’νήρ
1013 1216 1047 1275 et
1056 1203 1253 1305 ,ἅνθρωπος

137 1316 300 1401 congesta
323 1316 406 1374 sunt.
741 1398 745 1413 χ

240 1427 319 1494 Non
335 1427 441 1496 rarius
457 1437 636 1518 peccatum
660 1429 758 1498 estin
779 1451 840 1514 eo,
865 1429 961 1519 qnod
978 1437 1106 1499 certum
1127 1451 1252 1519 nomen
1312 1488 1315 1493 .

137 1528 281 1619 intelligi
306 1529 433 1599 debere
454 1534 561 1600 visum
586 1541 651 1616 est,
684 1534 742 1600 nbi
763 1542 819 1600 aut
833 1533 1016 1616 incertum,
1042 1541 1099 1599 aut
1120 1533 1250 1600 nullum
1336 1596 1339 1609 ,

138 1643 225 1701 esset
239 1633 505 1725 intelligendum.
556 1636 724 1704 lacertum
739 1637 835 1719 dico,
860 1645 898 1702 ut
910 1634 947 1705 ai
961 1635 1016 1702 vel
1030 1635 1155 1718 τοῦτο,
1177 1657 1247 1722 quo
1256 1643 1319 1708 11²1

138 1756 182 1802 ne
202 1735 277 1825 ipso
294 1737 432 1825 quidem
446 1761 531 1828 opus
551 1748 600 1805 est
620 1739 655 1804 in
675 1739 713 1804 iis
729 1738 829 1820 locis,
852 1737 886 1803 in
909 1736 1028 1823 quibus
1042 1736 1126 1825 quid
1145 1738 1252 1827 signi-

138 1836 275 1923 ficetur,
302 1840 412 1907 statim
427 1841 595 1909 adiectum
612 1847 678 1924 est,
708 1841 790 1907 utin
802 1840 971 1928 exemplo,
988 1837 1091 1926 'qnod
1110 1862 1146 1930 p.
1166 1838 1252 1908 148,

138 1939 278 2008 allatum
290 1950 361 2023 est:
385 1936 488 2037 εἰςῄει
505 1935 652 2029 αὐτούς,
679 1933 771 2022 inne
785 1940 830 2014 ἄν
845 1941 903 2013 καὶ
918 1943 1056 2030 ἔχοντές
1071 1969 1109 2013 τι
1128 1942 1251 2014 οἴκαδε

137 2036 360 2136 deluuntur:
386 2046 445 2114 ubi
465 2046 492 2113 si
510 2045 638 2137 aliquid
658 2045 814 2113 omissum
841 2054 907 2129 est,
932 2065 1001 2110 non
1016 2045 1163 2125 ἔννοια,
1190 2043 1250 2112 sed
1370 2078 1379 2089 ·

136 2144 252 2218 τοῦτο
272 2146 374 2215 debet
386 2149 553 2240 intelligi3
578 2149 681 2216 autin
697 2146 883 2237 Sophoclis
898 2147 1036 2214 Electra
1056 2167 1087 2212 v.
1101 2143 1188 2212 495.

345 2277 419 2377 πρδ
439 2283 555 2356 τῶνδέ
573 2283 634 2354 τοί
648 2278 691 2374 μ
714 2284 809 2370 ἔχει,

345 2379 507 2478 μήποτε,
532 2379 678 2479 μήποθ’
699 2381 785 2478 ἡμῖν

343 2483 474 2580 ἀψεγὲς
495 2486 608 2560 πελᾶν
629 2489 734 2581 τέρας

344 2595 421 2669 τοῖς
436 2589 546 2684 δρῶσι
566 2588 626 2660 καὶ
644 2587 860 2682 συνδρῶσιν·

137 2725 361 2810 ubiminime,
387 2735 425 2793 ut
443 2725 627 2794 scholiastis
645 2722 772 2808 visum,
798 2719 892 2801 ἐλπὶς
906 2720 961 2788 vel
987 2713 1126 2812 θάρσος
1152 2717 1254 2785 intel-

105 2812 109 2825 ’
137 2827 273 2919 ligitur,
307 2828 367 2896 sed
392 2838 448 2896 aut
464 2829 576 2900 τοῦτο
599 2828 674 2895 satis
694 2835 757 2911 est,
794 2837 870 2909 aut,
903 2822 1124 2913 quodetiam
1143 2821 1253 2889 verius

138 2931 290 3017 videtur,
316 2933 378 3019 iis,
404 2954 493 3022 quae
507 2939 705 3019 sequuntur,
732 2928 838 2996 teneri
852 2950 887 2994 se
905 2926 988 2994 dicit
1002 2925 1136 2995 chorus.
1169 2925 1253 2995 1113-

138 3057 215 3102 rum
235 3057 317 3102 vero
343 3035 573 3119 locutionum,
604 3034 640 3100 in
664 3033 783 3120 quibus
810 3029 1014 3119 apertissime
1033 3029 1164 3095 nullum
1187 3049 1270 3100 n0-1

138 3160 218 3205 men
232 3138 389 3205 omissum
403 3147 468 3222 est,
495 3136 712 3227 largissimam
727 3134 863 3224 copiam
877 3134 962 3200 inter
976 3131 1139 3221 ellipticas
1153 3129 1252 3196 vide·-

137 3263 212 3307 mus
230 3242 350 3308 relatas
374 3263 462 3324 esse,
493 3238 692 3329 praesertim
715 3237 776 3303 ubi
797 3258 921 3302 nomen
951 3232 1084 3324 generis
1106 3229 1253 3303 neutrius

137 3343 282 3434 intelligi
296 3345 422 3410 velunt.
473 3341 573 3408 Talia
589 3338 745 3428 quidem,
772 3337 885 3425 qualia
900 3343 974 3403 sunt
997 3331 1188 3420 ὀδίκαιος,
1216 3337 1253 3407 οἱ
1287 3411 1297 3423 Γ

137 3445 412 3542 μαθηματικοί,
438 3444 507 3512 sine
526 3442 597 3510 ulla
620 3441 730 3530 ellipsi
754 3438 844 3508 dieta
870 3461 957 3521 esse,
982 3436 1149 3504 neminem
1165 3436 1253 3502 late-

137 3547 207 3630 bit,
233 3549 291 3636 qui
312 3548 528 3638 reputaverit,
554 3547 695 3613 alterum
717 3543 841 3609 horum
863 3541 1036 3608 nominum
1055 3538 1125 3608 hoc
1143 3538 1253 3605 ‹leno-

138 3660 228 3735 tare,
254 3648 364 3731 ’ὅστις
384 3643 521 3730 δίκαιός
545 3653 665 3735 ἐστιν,
689 3647 831 3713 alterum
848 3654 960 3712 autem
975 3666 1037 3710 usu
1052 3642 1087 3707 in
1100 3642 1254 3707 substan-

136 3753 245 3821 tivum
277 3755 421 3821 vertisse.
488 3750 621 3825 Eadem
650 3750 788 3817 veroin
817 3749 939 3815 neutris
966 3745 1051 3812 ratio
1079 3750 1142 3828 est,
1184 3763 1253 3807 non

138 3857 311 3939 omnibns,
338 3856 397 3923 sed
411 3855 591 3945 plerisque.
642 3853 681 3919 ln
701 3874 767 3940 qua
790 3874 827 3918 re
844 3853 983 3949 subacto
998 3868 1083 3936 opus
1100 3852 1148 3911 est
1164 3842 1254 3909 iudi-

137 3958 204 4027 cio.
262 3960 352 4027 Nam
379 3959 439 4025 ubi
468 3957 553 4024 nihil
581 3978 715 4023 caussae
745 3962 814 4036 est,
849 3976 952 4041 quare
975 3959 1103 4018 certum
1129 3967 1254 4012 nomen

135 4061 325 4152 intelligas,
360 4059 458 4127 satius
480 4068 529 4126 est
557 4058 749 4148 intelligere
772 4055 872 4140 nihil,
905 4064 943 4122 ut
962 4054 996 4119 in
1014 4050 1104 4132 hoe,
1137 4039 1255 4121 πολλοῖ

134 4167 412 4261 λοιδορεῖσθαι,
438 4160 562 4251 παῦρα
586 4163 718 4253 λέγεινι
739 4158 817 4246 quia
831 4158 864 4224 in
884 4153 936 4222 his
958 4177 1027 4220 non
1047 4148 1167 4235 verba,
1191 4148 1322 4226 sedus

135 4267 308 4351 universe,
335 4265 431 4355 qnod
453 4262 597 4332 multum
629 4272 687 4330 aut
712 4283 836 4352 parum
863 4268 926 4345 est,
953 4263 1136 4349 spectatur:
1162 4251 1253 4326 unde

188 4369 313 4438 Hane.
340 4366 407 4439 ΟΡ.
433 4368 460 4436 1.
1011 4360 1043 4428 L
