2826 4904
494 324 907 388 ousnuvlutouns
1189 327 1253 392 251

242 495 541 586 F'requeutissimus
563 499 712 567 omnium
731 499 791 568 ille
810 497 921 565 hiatus
947 505 1014 584 est,
1054 518 1124 586 quo
1148 496 1255 589 longa

138 598 272 690 syllaba
292 609 369 668 ante
389 600 546 668 vocalem
567 602 760 692 corripitur:
785 602 844 692 qui
864 600 1004 690 quidem
1015 598 1126 668 hiatus
1142 600 1188 669 ab
1201 600 1255 669 his

138 702 302 787 numeris,
329 704 387 793 qui
405 702 452 770 ad
470 703 680 773 trochaicum
702 727 809 796 genus
830 704 1013 795 pertinent,
1038 725 1174 793 prorsus
1196 725 1257 772 ex-

139 806 251 878 clusus
274 813 332 873 est.
384 805 499 890 Quare
522 808 640 903 λυγρῷ
669 811 708 881 ἐν
733 807 840 881 νείκει
866 810 964 876 Nem.
991 807 1084 875 vlll.
1106 805 1167 873 42.
1198 806 1256 891 sic,

138 920 177 978 ut
199 908 295 999 apud
316 906 520 977 scholiasten
540 920 605 994 est,
639 914 677 983 ἐν
710 909 829 1003 λυγρῷ
862 909 969 983 νείκει
1010 910 1109 978 scribi
1141 908 1256 1009 debet

137 1013 254 1083 Etiam
277 1011 312 1078 in
337 1010 512 1100 dactylicis
535 1014 681 1082 numeris
704 1011 764 1083 hic
788 1011 898 1080 hiatus
926 1022 1049 1102 peccat
1071 1014 1169 1081 Nem.
1195 1011 1256 1081 vl.
1397 1071 1402 1079 .

138 1113 176 1183 11.
201 1114 264 1184 ubi
288 1114 366 1186 αἰὲν
388 1114 612 1185 scribendum.
750 1202 755 1211 Ι
1398 1188 1401 1193 ,

241 1217 452 1307 Progredior
487 1217 533 1286 ad
571 1218 813 1310 productiones
845 1217 1141 1309 correptionesque
1174 1217 1256 1285 bre-

138 1321 230 1397 vium
245 1321 417 1389 vocalium
431 1330 508 1389 ωηο
521 1334 650 1391 mutam
666 1344 745 1391 cum
764 1322 905 1411 liquida.
955 1321 1003 1390 Et
1027 1344 1134 1410 quum
1158 1330 1258 1389 vetu-

138 1424 256 1492 stiores
280 1422 398 1514 epici‚'
414 1432 452 1490 ut
467 1424 512 1492 ad
532 1424 714 1516 Orpheum
727 1424 848 1510 docui,
872 1424 1133 1515 productionem
1153 1445 1257 1514 prae-

138 1527 278 1611 ferant,
307 1525 472 1596 Pindarus
496 1550 566 1599 nou
596 1529 700 1598 rarius
723 1527 790 1597 hos
818 1529 984 1617 sequitur,
1016 1550 1120 1615 quam
1150 1527 1258 1598 corri-

137 1629 267 1720 piendo
293 1630 395 1699 vincit
420 1632 521 1699 etiam
547 1633 687 1713 Atticos.
739 1633 799 1701 Sic
824 1631 1017 1719 frequentes
1051 1627 1146 1719 apud
1178 1651 1258 1697 eum

138 1732 367 1823 correptiones
382 1743 459 1800 sunt
471 1745 549 1803 ωηο
570 1740 612 1826 γλ
620 1788 634 1823 ,
659 1757 742 1824 quas
763 1733 926 1801 rarissime
948 1732 1153 1800 admiserunt
1166 1732 1258 1799 Atti-

139 1835 191 1916 ci3
215 1844 358 1929 antepu
378 1836 471 1903 utin
492 1830 643 1928 οἱφνεός,
667 1839 705 1904 iu
725 1837 856 1928 ἔπεφνε
877 1833 925 1904 01
953 1835 997 1902 11.
1015 1832 1077 1902 ll.
1106 1843 1141 1901 et
1163 1833 1259 1914 alibi;

138 1947 217 2007 aute
239 1964 290 2009 πτ
311 1938 348 2005 in
370 1931 630 2031 Νεοπτόλεμος
655 1941 753 2008 Nem.
780 1937 859 2006 uli
888 1935 949 2006 52.
1001 1937 1074 2006 Sed
1092 1960 1258 2027 nusquam
1312 1970 1315 1974 ·

137 2049 216 2110 ante
231 2049 267 2126 ζ,
292 2060 498 2129 quamquam
518 2051 596 2111 ωηο
617 2068 658 2115 cs
671 2044 771 2111 Nem.
784 2042 845 2110 Vl
858 2039 920 2109 46.
940 2041 1017 2110 Vll.
1035 2039 1096 2109 811.
1113 2061 1258 2131 quorum

136 2151 251 2211 tamen
261 2142 418 2211 locorum
437 2146 603 2233 inpriore
624 2168 703 2214 cum
720 2145 857 2233 Heynio
872 2142 1010 2216 σκοποῦ
1025 2140 1120 2215 ἄττα
1134 2148 1258 2232 τυχεῖν

134 2243 350 2316 scribendum
364 2245 511 2313 videtur:
536 2267 605 2335 quo
620 2248 729 2336 magis
751 2247 895 2313 alterum
917 2252 1110 2333 suspectum
1129 2243 1256 2317 habeo.

135 2348 294 2417 Monstra
308 2354 383 2413 sunt
398 2350 642 2439 πλαγχθέντες
657 2351 767 2438 prima
779 2347 875 2416 brevi
891 2348 989 2415 Nem.
1016 2347 1092 2415 vll.
1116 2342 1178 2413 55.
1199 2346 1259 2414 ubi

138 2451 276 2519 videant
289 2449 517 2540 grammatici,
542 2474 585 2518 ue
605 2453 796 2530 πλατέττες
817 2449 1004 2540 legendum
1027 2449 1085 2530 sit3
1111 2459 1144 2518 et
1159 2442 1260 2528 ἑσλὸς

138 2563 191 2622 ter
203 2554 350 2642 primam
366 2553 537 2643 corripere
557 2553 737 2639 creditum,
764 2548 820 2622 01.
835 2553 880 2621 11.
895 2548 956 2620 35.
977 2553 1078 2641 Pyth.
1093 2554 1155 2621 111.
1171 2547 1257 2617 116.

139 2659 236 2725 Nem.
251 2656 295 2725 V.
314 2651 400 2723 155.
412 2656 602 2745 Equidem,
627 2657 724 2733 venia
742 2657 831 2724 enim
854 2656 918 2724 erit
937 2656 1090 2724 modesta
1112 2653 1260 2738 audenti,

138 2759 310 2848 antiquam
323 2759 483 2828 vocabuli
496 2759 642 2828 formam
660 2783 739 2830 cum
754 2761 818 2828 Ev.
833 2759 998 2829 Scheidio
1018 2753 1143 2840 cortic
1159 2757 1261 2826 fuisse

138 2854 242 2954 puto,
268 2871 449 2948 servatam,
471 2872 510 2930 ut
525 2872 577 2931 tot
592 2865 686 2948 alias,
711 2865 747 2931 iu
761 2862 966 2932 Germanico
982 2861 1072 2930 edel.
1122 2864 1177 2931 Ex
1190 2883 1260 2950 qua

140 2965 252 3034 forma
265 2987 371 3053 quum
384 2965 535 3034 medium
558 2994 576 3040 s
598 2968 795 3052 eiceretur,
820 2966 950 3035 tactum
965 2973 1014 3033 est
1031 2958 1138 3045 ἐθλός
1146 3019 1160 3053 ,
1186 2965 1261 3032 iure

139 3091 200 3136 suo
222 3069 367 3159 primam
387 3070 587 3160 corripiens:
610 3070 706 3159 quod
730 3092 836 3159 quum
857 3069 1037 3138 Dorienses
1055 3061 1154 3147 ἑσλός
1174 3089 1259 3158 pro-

138 3172 350 3256 nunciarent,
375 3171 446 3263 hoc
466 3193 532 3262 pro
555 3169 662 3252 ἑθλός
680 3173 827 3240 Pindaro
850 3174 1065 3240 obtruserunt
1086 3191 1258 3259 gramma-

138 3274 208 3343 tici.
260 3273 394 3342 caeteri
411 3274 555 3358 Graeci,
580 3276 739 3342 invitante
754 3275 829 3363 ipsa
848 3275 959 3341 littera
976 3280 1027 3357 d,
1054 3263 1184 3349 ἑσθλὸς
1204 3270 1260 3337 di·

138 3399 228 3446 xere.
279 3377 487 3445 Aliasimilia
510 3399 579 3444 non
598 3399 674 3443 rara
696 3384 787 3458 sunt,
814 3375 970 3462 equibus
993 3369 1162 3463 δίδυμγος
1183 3373 1258 3441 vin-

137 3479 251 3549 dicavi
268 3480 416 3548 Pindaro
431 3481 465 3547 in
488 3480 582 3571 epist.
603 3479 648 3547 ad
668 3478 839 3567 Heynium
858 3500 894 3567 p.
910 3474 996 3545 398.
1022 3474 1094 3544 sed
1110 3477 1283 3567 propiunt)

139 3582 309 3653 accedunt
329 3577 479 3675 βαθμός
489 3636 503 3671 ,
528 3575 692 3676 βασμός,
723 3584 841 3674 idua,
875 3582 983 3672 iupa,
1016 3571 1163 3668 δυθμὴ,
1190 3581 1258 3650 δυ-

140 3679 237 3781 σμή,
262 3686 352 3755 male
374 3680 522 3781 δυσθμή
540 3687 702 3776 scriptum
718 3685 754 3752 in
774 3683 882 3752 schol.
906 3682 991 3752 Van.
1013 3680 1058 3748 ad
1078 3679 1175 3749 iliad.
1198 3681 1258 3748 Xl.

140 3786 203 3855 62.
230 3783 383 3879 Ἰσθμός
402 3811 472 3884 [πο
482 3783 593 3881 iducis
607 3789 735 3858 dictum
748 3788 885 3855 tradunt
897 3783 1118 3878 grammatici.
1152 3783 1259 3875 Apud

140 3891 356 3982 Hesychium
373 3901 423 3958 est
439 3891 641 3983 ἰθμαίγωτ,
667 3889 892 3983 tadnothus,
919 3888 1089 3981 ἰσμαίγει.

243 3995 358 4085 Pergo
384 3993 430 4061 ad
459 3995 534 4061 alia.
586 3994 713 4078 Quum¹
731 3993 861 4061 numeri
889 4016 909 4060 ο
933 4013 1058 4084 genere
1087 3988 1257 4077 dactylico

140 4098 335 4188 spondeum
361 4097 397 4164 in
423 4097 624 4184 quibusdam
662 4097 746 4168 locis
773 4097 1032 4187 adspementur‚
1064 4090 1186 4160 mirum
1210 4102 1259 4160 est

141 4210 273 4288 tarnem
300 4225 377 4270 eam
390 4200 505 4291 legem
521 4200 652 4291 saepius
675 4199 858 4269 aPindaro
880 4197 1009 4267 violari.
1060 4195 1258 4264 Excusatio-
1349 4288 1351 4296 Ι

143 4327 224 4376 nem
248 4307 293 4374 ab
317 4305 402 4387 ‚sede
421 4325 533 4373 versus
557 4304 752 4395 praesertim
771 4307 806 4374 iu
828 4303 964 4372 nomine
990 4298 1131 4394 proprio
1153 4299 1259 4375 babet
