2826 4904
135 1175 216 1262 DE
257 1176 645 1267 DIFFERENTIA
703 1178 938 1270 PROSAE
989 1180 1070 1268 ET
1111 1179 1255 1271 POE-

224 1327 403 1420 TICAE
433 1327 753 1422 ORATlONIS
778 1329 1161 1423 DISPVTATIO.

484 1559 708 1629 ruas
784 1561 906 1653 w)

136 2047 356 2172 Disciplinas
377 2086 498 2152 artium
519 2086 801 2178 praegrediuntur
819 2086 914 2177 ipsae
937 2093 1033 2153 artes.
1088 2082 1283 2152 Inventrixl

135 2188 229 2254 enim
250 2188 371 2253 artium
392 2200 511 2254 natura
534 2191 591 2255 vel
610 2191 805 2271 necessitas,
830 2190 1070 2276 perfectosque
1090 2208 1168 2252 usus
1190 2195 1255 2253 est:

134 2287 315 2375 disciplina
337 2311 419 2354 vero
443 2289 501 2353 otii
524 2299 574 2354 est
595 2300 628 2354 et
649 2289 870 2356 meditationis
887 2311 984 2379 opus.
1035 2289 1151 2371 Quare
1176 2288 1256 2356 alias

135 2400 224 2458 artes
253 2399 334 2458 tunc
357 2392 503 2457 maxime
527 2392 677 2458 floruisse
695 2391 865 2475 videmus,
891 2414 995 2478 quum
1016 2402 1073 2457 aut
1087 2391 1180 2457 nulla
1196 2415 1256 2459 ea-

135 2509 229 2576 ru'm,
263 2502 320 2559 aut
346 2493 452 2559 tenuis
471 2494 657 2561 admodum
677 2494 851 2584 disciplina
863 2503 964 2574 esset3
994 2496 1037 2560 ab
1054 2493 1125 2560 aliis
1143 2503 1256 2561 autem

136 2598 183 2663 ita
198 2606 346 2684 spretam
362 2597 653 2665 animadvertimus
668 2620 803 2664 omnem
810 2597 1031 2687 disciplinam,
1040 2605 1087 2680 ut,
1103 2619 1255 2684 quamea

136 2701 226 2767 viam
233 2709 445 2783 monstraret,
454 2698 653 2769 hancetiam
667 2700 979 2776 vitareviderentur.
1005 2701 1126 2788 Neque
1133 2700 1255 2768 imme-

136 2803 213 2870 rito.
234 2801 350 2892 Magis
368 2803 457 2870 enim
472 2803 646 2894 disciplina
659 2828 762 2893 qnam
778 2827 829 2870 ars
848 2805 994 2870 obnoxia
1010 2813 1059 2870 est
1074 2805 1253 2889 erroribus,

138 2906 218 2996 quia
229 2907 283 2971 vel
303 2907 392 2972 male
406 2907 522 2995 positis
536 2908 779 2992 fundamentis,
805 2908 860 2973 vel
874 2907 1057 2974 rationibus
1074 2929 1142 2974 non
1160 2918 1255 2977 recte

139 3008 319 3092 conclusio,
345 3010 458 3098 specie
481 3010 605 3076 ordinis
633 3011 808 3078 cuiusdam
822 3010 941 3077 fallere
958 3009 1135 3079 doctorem
1150 3012 1253 3078 solet:

136 3111 234 3200 quod
255 3121 371 3178 contra
386 3134 457 3195 ars,
482 3114 709 3199 quaeducem
722 3124 890 3197 naturam,
919 3112 1166 3180 admonitorem
1191 3136 1255 3179 au-

135 3226 207 3283 tem
233 3213 394 3281 effectum
415 3213 536 3298 habet,
571 3216 741 3284 difficilius
767 3240 787 3282 a
809 3238 890 3282 vero
915 3215 1040 3282 abduci
1061 3237 1097 3281 se
1118 3215 1269 3301 patitur,

136 3319 258 3406 ltaque
282 3339 387 3404 quum
409 3319 547 3385 excultis
569 3319 637 3383 iam
660 3319 786 3384 artibus
801 3316 996 3406 disciplinae
1010 3315 1187 3404 paullatim
1200 3318 1255 3385 in·

120 3420 344 3504 'venirentur,
373 3442 441 3486 non
461 3443 538 3488 raro
559 3421 699 3504 accidit,
731 3429 769 3488 nt
794 3430 852 3486 ant
880 3418 1077 3508 disciplinae
1106 3421 1253 3489 accessio
1349 3504 1352 3510 ι

135 3525 279 3592 molesta
302 3524 451 3612 quadam
473 3524 617 3595 exilitate
638 3524 813 3614 pristinam
833 3523 958 3592 artibus
973 3521 1172 3614 dignitatem
1189 3523 1254 3590 de·

135 3625 304 3711 traheret,
331 3636 388 3693 aut
408 3626 501 3715 ipsae
523 3629 734 3718 disciplinae,
759 3627 820 3694 ubi
841 3648 957 3694 earum
981 3627 1168 3692 inventores
1190 3647 1255 3690 na-

133 3742 248 3800 turam
264 3731 385 3798 artium
401 3752 471 3798 non
487 3742 580 3803 recte
592 3731 846 3816 intellexissent,
872 3741 944 3798 tum
958 3749 1028 3796 non
1045 3748 1182 3795 omnem
1197 3747 1254 3792 ar-

176 4018 204 4101 *)
228 4020 352 4082 Publice
375 4021 497 4081 defensa
522 4031 568 4081 est
597 4019 636 4079 ad
664 4019 767 4078 locum
797 4016 828 4077 in
853 4015 966 4077 Ordine
996 4010 1253 4092 Philosophorum

134 4107 281 4187 Lipsiensi
304 4106 499 4166 obtinendum
521 4107 569 4166 die
591 4106 651 4164 lxo
668 4104 766 4164 Martii
788 4125 813 4162 a.
840 4119 1018 4162 craracccur.
1042 4098 1254 4161 socioEduar-

133 4192 175 4338 {31⁰
193 4193 351 4337 glutem,
375 4190 536 4272 Lipsiensi,
559 4191 611 4271 qui
630 4209 711 4252 nunc
726 4188 881 4250 Professor
899 4183 975 4244 iuris
993 4193 1038 4244 eat
1051 4184 1083 4244 in
1094 4185 1253 4248 Academia

166 4299 199 4338 ar
220 4298 351 4356 urgensr.

166 4366 311 4440 ,flam
339 4363 408 4435 ΟΡ.
435 4364 463 4434 Ι.
531 4330 548 4359 '⁰
1013 4357 1047 4428 F
