2826 4904
123 287 127 299 “
208 316 271 380 roa
433 309 1086 400 onruumrmsrrnuoursuo

141 479 204 542 178
330 477 408 541 XII.
429 479 481 542 De
511 480 612 563 elliprsi
638 479 855 544 adverbiorum
884 487 916 542 et
937 449 1195 543 coniunctionum

306 639 592 730 Praepositionum
608 639 740 730 ellipses
757 639 864 707 nullas
883 662 953 708 esse
973 637 1123 706 vidimus.
1175 637 1319 707 Dicatur

205 762 295 811 nunc
329 740 373 810 de
399 743 506 833 ellipsi
529 743 766 810 adverbiorum
797 751 830 810 et
855 742 1141 825 coniunctionum,
1181 742 1217 808 in
1247 765 1316 830 qno

204 865 330 934 genere
348 846 473 914 nescias
486 845 662 936 profecto,
687 845 770 934 quid
784 845 991 913 sentiendum
1005 867 1077 912 esse
1091 843 1184 913 dieas
1194 843 1241 912 de
1251 844 1316 931 his,

205 948 265 1034 qui
285 946 344 1016 hic
364 970 515 1038 quoque,
541 948 600 1016 ubi
622 948 678 1015 vel
698 971 810 1017 sensus
828 948 1013 1018 communis
1030 947 1164 1036 ellipsin
1178 948 1314 1038 spernit,

204 1056 275 1117 tam
313 1051 470 1140 putidum
505 1050 745 1120 adminiculum
781 1050 945 1119 adhibere
979 1072 1048 1117 non
1080 1049 1313 1118 dubitaverint

203 1149 392 1242 Pleraeque
410 1153 658 1223 omnesharum
678 1154 844 1246 ellipsium
872 1153 1035 1222 eiusmodi
1062 1160 1155 1238 sunt,
1194 1161 1234 1221 ut
1262 1176 1316 1222 eas

203 1277 273 1321 non
290 1258 473 1345 praeterire
496 1280 551 1324 me
572 1257 709 1346 pudeat
765 1258 853 1328 Nam
882 1257 944 1324 uisi
972 1256 1101 1324 factum
1127 1264 1229 1342 esset,
1261 1257 1314 1324 vix

92 1389 99 1403 =
205 1357 298 1425 credi
315 1368 429 1448 posset
453 1361 630 1444 exstitisse,
656 1359 714 1449 qni
733 1383 765 1430 v.
783 1383 813 1429 c·
841 1351 1046 1455 πλησιάζειν
1069 1357 1232 1450 γυναικί,
1259 1368 1313 1426 aut

210 1459 330 1550 Tityre
343 1483 411 1530 non
424 1470 581 1551 putarent
602 1461 675 1551 dici·
690 1485 808 1552 posse,
833 1462 894 1529 nisi
909 1461 1082 1556 ἐρωτικαῖς
1107 1469 1141 1527 et
1168 1487 1190 1532 o
1215 1461 1312 1529 intel-

203 1560 376 1655 ligeretur.
428 1565 497 1649 Qui
519 1566 546 1631 si
566 1565 783 1655 cogitassent,
816 1564 977 1632 adverbia
998 1564 1311 1654 coniunctionesque

203 1667 466 1757 proprietatibus
480 1667 679 1756 quibusdam
695 1677 728 1736 et
741 1670 973 1735 sententiarum
986 1667 1072 1733 inter
1090 1689 1127 1734 se
1141 1667 1311 1738 consocia-

202 1769 350 1836 tionibns
372 1795 412 1841 ac
438 1771 722 1840 dissociationibus
741 1770 926 1839 indicandis
946 1769 1119 1853 inservire,
1145 1791 1235 1858 quae
1254 1770 1310 1837 n'ni

204 1871 353 1940 disertim
375 1874 485 1942 verbis
505 1896 678 1964 expressae
693 1875 749 1942 vel
768 1882 950 1964 propterea
973 1871 1116 1964 intelligi
1137 1869 1321 1961 nequeaut'

204 1972 316 2062 quod,
341 1975 368 2042 si
388 1975 498 2065 ellipsi
520 1977 616 2046 locus
629 1984 728 2062 esset,
754 1975 853 2043 etia'm
869 1977 975 2044 aliena
996 1974 1142 2066 intelligi
1161 1984 1309 2066 posseutt

203 2098 387 2166 numquam
414 2076 502 2144 adeo
528 2081 689 2147 absonam
714 2079 910 2168 opinionem
938 2087 1046 2146 esseut
1070 2079 1237 2167 amplexi,
1275 2086 1309 2146 ut

203 2181 359 2267 voculas,
391 2203 533 2270 quarum
554 2181 688 2250 omissio
708 2182 811 2274 longe
830 2181 926 2248 aliter
949 2204 1051 2270 quam
1076 2180 1220 2250 adiectio
1237 2205 1308 2249 sen-

202 2283 319 2350 tentias
345 2285 550 2370 conformat,
595 2307 660 2375 per
690 2285 822 2374 ellipsin
849 2284 980 2377 negligi
1013 2284 1162 2373 potuisse
1194 2283 1307 2354 crede·

201 2394 276 2452 rent
293 2385 342 2478 *).
393 2387 478 2454 Sunt
491 2396 604 2455 tamen
619 2388 798 2455 nomrullae
813 2386 935 2454 harum
950 2386 1202 2477 particularum,
1228 2410 1308 2477 quae

202 2509 308 2576 quum
332 2490 431 2558 etium
451 2480 736 2580 praestantissimis
762 2490 838 2559 viris
861 2477 1018 2557 fraudem
1045 2489 1205 2574 iecerint,
1235 2491 1307 2557 dili-

201 2593 333 2682 gentius
350 2594 611 2663 considerandae
624 2594 787 2661 videntur.
838 2594 906 2660 Eas
920 2593 1103 2683 particulas
1124 2593 1242 2662 ordine
1262 2615 1309 2678 eo,

201 2695 261 2782 qui
274 2704 323 2763 est
342 2697 377 2762 in
389 2696 485 2764 Bosii
503 2698 610 2781 libro,
637 2697 983 2765 commemorabimus.

135 2813 200 2878 179
305 2800 360 2867 Ac
386 2799 498 2888 primo
523 2821 592 2887 quo
624 2799 760 2866 tandem
787 2800 859 2867 iure
890 2797 1020 2872 ἄλλοτε
1056 2799 1309 2867 existimabimus

203 2899 362 2968 omissum
382 2923 453 2969 esse
478 2902 513 2971 in
542 2902 678 2974 talibus·
694 2903 798 2989 locis,
844 2902 951 2992 qualis
979 2902 1039 2972 hic
1069 2913 1119 2972 cst
1143 2901 1310 2994 Euripidis

201 3024 331 3088 versus,

303 3128 428 3225 κεῖμαι
445 3120 480 3197 δ’
504 3121 562 3198 ἐπ’
580 3121 724 3216 ἀκταῖς,
752 3123 879 3200 ἄλλοτ’
895 3132 933 3201 e’o
956 3120 1093 3233 κόκκου
1116 3120 1240 3223 coilo?

201 3261 269 3331 Vbi
283 3261 367 3352 quid
387 3262 545 3352 impedit,
570 3266 701 3353 nequis
718 3266 813 3332 malit
831 3263 946 3337 ἐνίοτε
959 3264 1169 3356 intelligere,
1195 3272 1252 3331 aut
1272 3287 1314 3332 nc

201 3374 297 3455 putet
321 3367 368 3432 ita
386 3366 540 3457 dieipro
563 3373 685 3459 κεῖμαι
707 3364 748 3441 ’δ’
771 3365 832 3441 ἐπ’
855 3363 999 3453 ἀκταῖς,
1034 3363 1099 3438 οὐκ
1123 3363 1183 3437 αἰεί
1191 3415 1202 3454 ,
1235 3363 1313 3455 a’tt’

202 3463 329 3546 diiosf
359 3472 397 3540 ἐκ
426 3463 563 3542 πόντου
593 3464 712 3562 solip?
754 3469 858 3555 Quod
882 3470 910 3535 si
930 3470 1093 3559 sapimus,
1133 3469 1315 3537 fatebimur

200 3569 286 3638 nihil
309 3593 377 3639 esse
400 3570 575 3658 omissum,
608 3572 668 3640 sed
690 3573 918 3661 Polydorum,
949 3581 1130 3661 postquam
1162 3572 1314 3640 universe

201 3673 331 3742 dixerat
351 3694 389 3740 se
407 3673 596 3763 proiectum
610 3697 680 3742 esse
699 3675 734 3743 in
758 3676 886 3758 littore,
913 3675 1097 3765 accuratius
1119 3673 1313 3743 describen-

200 3777 267 3845 dae
294 3776 343 3844 rei
364 3799 479 3844 caussa
504 3775 628 3843 deinde
649 3777 794 3847 adiicere
823 3772 953 3850 ἄλλοτ’
984 3777 1022 3848 ἐκ
1044 3770 1184 3848 κόκκου
1208 3771 1312 3871 σάλῳ.

199 3882 321 3969 Neque
341 3881 413 3949 ulla
435 3888 484 3950 est
504 3879 638 3973 lingna,
664 3882 743 3973 quin
764 3882 887 3953 eodem
903 3879 1009 3947 modo
1033 3878 1121 3950 haec
1137 3880 1314 3951 enunciare

199 3984 313 4057 soleat

200 4177 391 4196 m

242 4306 270 4383 t)
290 4302 369 4365 Vide
383 4302 525 4365 adnotata
542 4300 580 4362 ed
597 4299 755 4382 Sophoclis
771 4299 817 4362 ti.
837 4305 928 4370 1133.
