2826 4904
164 264 245 386 ’μ’
553 310 612 372 or
638 308 960 373 norrunrnrrs
1056 294 1063 305 '

202 488 361 562 cultatem
382 485 528 576 positam
544 492 670 574 ‘putant
696 484 731 552 in
759 483 860 551 rebus
881 481 1124 574 intelligentiae
1145 478 1325 550 communi

202 589 474 663 accommodatis.
524 590 614 655 Nam
634 610 721 676 qnae
739 587 876 654 tandem
897 596 947 655 est
971 587 1031 653 illa
1053 584 1238 655 communis
1262 583 1322 651 in-

201 694 406 785 telligentia,
439 700 496 759 aut
518 713 692 781 quousque
716 688 885 780 pertinet?
910 703 1072 778 quosnam
1088 689 1183 777 quasi
1198 686 1323 771 termi-

200 820 262 867 nos
289 796 414 878 habet,
449 796 535 862 intra
563 816 648 882 quos
678 792 802 860 debeat
821 793 1023 862 consistere?
1059 801 1118 860 aut
1141 790 1225 879 quid
1256 797 1323 874 est,

201 899 296 990 quod
318 900 361 966 ab
384 897 452 965 hac
470 896 690 987 intelligentia
704 897 875 963 communi
888 896 1138 987 segregandum
1155 895 1196 960 sit
1213 901 1323 980 atque

202 1000 467 1084 excludendum,
511 995 785 1088 quandoquidem
809 999 970 1090 gradibus
994 998 1132 1087 quidem
1154 997 1216 1064 illa
1238 996 1323 1084 qui-

200 1105 344 1174 busdam
375 1102 605 1193 distinguitur,
646 1102 707 1169 sed
737 1101 1077 1193 circumscriptionem
1112 1122 1181 1167 nou
1209 1098 1325 1167 habet

202 1209 320 1292 aliam,
364 1228 466 1294 qoam
495 1229 583 1293 quae
614 1226 727 1272 rerum
760 1205 908 1274 omnium
941 1207 977 1271 in
1012 1203 1254 1295 cogitationem
1283 1208 1323 1269 et

201 1308 593 1380 semronem‘cadentium
608 1308 872 1398 circumscriptio
886 1307 960 1375 est?
1007 1309 1097 1376 Nam
1118 1316 1153 1374 et
1174 1305 1323 1373 rustico-

201 1436 278 1481 rum
318 1411 485 1501 quaedam
520 1418 569 1479 est
606 1411 792 1479 communis
830 1409 1066 1500 intelligentia,
1117 1418 1153 1477 et
1182 1407 1324 1475 medio·

202 1515 490 1598 criteroultomm,
516 1523 549 1582 et
563 1513 780 1597 eruditorum,
807 1521 841 1580 et
853 1512 1140 1604 philosophomm
1156 1511 1320 1598 denique.

164 1631 196 1693 ,4
234 1649 248 1671 ι
304 1617 376 1686 Sed
406 1638 533 1706 operae
552 1617 699 1707 pretium
722 1626 770 1684 est
785 1638 963 1704 quaerere,
990 1639 1077 1704 quae
1089 1623 1258 1682 tantarum
1273 1613 1324 1682 de

195 1723 283 1790 artis
310 1718 500 1789 rhetoricae
531 1728 650 1786 natura
680 1718 920 1786 dissernionum
952 1741 1067 1788 caussa
1092 1715 1193 1786 fuerit
1216 1726 1324 1805 atque

203 1825 312 1914 origo.
363 1824 451 1892 Eam
472 1844 554 1890 vero
571 1845 639 1890 non
659 1821 694 1890 in
721 1823 796 1912 ipso
819 1821 956 1891 dicendi
980 1822 1115 1911 officio,
1140 1819 1236 1909 quod
1250 1820 1325 1888 sive

200 1928 290 1994 bene
311 1925 381 1993 sive
402 1932 493 1993 recte
522 1925 592 1992 sive
617 1926 774 2014 apposite
804 1924 850 1992 ad
870 1925 1144 2016 persuadendum
1171 1922 1323 1991 dicendo

202 2029 408 2112 continetur,
433 2026 577 2118 simplex
594 2038 643 2094 est
663 2049 774 2115 neque
789 2028 1005 2118 ambiguum,
1038 2027 1099 2096 sed
1120 2028 1157 2094 in
1177 2026 1323 2093 materia

202 2131 337 2200 dicendi
360 2139 629 2221 argumentoque
654 2131 799 2219 positam
814 2130 1076 2199 existimaverim.
1128 2130 1209 2200 Hoc
1231 2128 1324 2197 enim
1389 2150 1392 2155 ·

202 2257 309 2324 quum
330 2234 407 2300 artis
426 2232 582 2301 doctores
594 2233 726 2324 negligi
740 2255 808 2300 non
824 2254 925 2324 posse
941 2234 1107 2318 viderent,
1133 2234 1231 2321 quia,
1257 2233 1322 2320 qui

201 2349 295 2407 recte
321 2335 436 2404 dicere
459 2337 578 2420 vellet,
605 2337 705 2403 etiam
719 2358 810 2421 rem,
837 2337 882 2404 de
898 2359 966 2426 qua
983 2336 1128 2421 diceret,
1155 2345 1236 2426 apte
1248 2344 1328 2403 tra-·

202 2451 295 2510 ctare
321 2439 485 2523 deberet,
512 2438 741 2528 quaerendum
759 2448 937 2530 putarunt,
963 2463 1050 2530 quae
1072 2439 1214 2507 materia
1233 2445 1325 2507 esset

202 2545 265 2612 arti
286 2542 476 2611 rhetoricae
499 2541 659 2611 subiecta.
711 2545 824 2631 Atque
843 2566 949 2631 quum
967 2543 1041 2627 alii,
1067 2566 1163 2610 usum
1174 2542 1325 2610 maximo

203 2656 304 2735 atque
321 2644 477 2734 exempla
489 2645 725 2734 respicientes,
752 2668 827 2712 earn
848 2657 955 2713 artem
975 2647 1010 2712 in
1027 2646 1148 2715 caussis
1166 2645 1324 2713 civilibus

202 2747 327 2816 versari
355 2747 575 2832 censuissent,
617 2746 696 2831 alii,
730 2747 789 2834 qui
823 2748 920 2815 latius
953 2758 1071 2839 patere
1108 2748 1325 2837 eloquentiae

202 2852 272 2920 rim
285 2846 603 2933 animadverterent,
630 2849 789 2937 quoniam
804 2849 966 2919 infinitam
988 2875 1060 2919 esse
1078 2853 1240 2921 materiae
1258 2873 1324 2920 coa

201 2955 296 3045 piam
315 2951 495 3036 videbant,
523 2963 581 3029 aut
599 2952 772 3042 potissima
795 2963 925 3022 tantum
949 2963 1050 3044 atque
1071 2978 1133 3022 usu
1147 2955 1322 3023 tritissima

203 3064 402 3148 argumenta
414 3054 610 3145 disciplinae
624 3055 772 3143 quadarn
787 3058 917 3126 ratione
939 3059 1137 3146 consequuti
1153 3066 1244 3143 sunt,
1260 3066 1322 3125 aut

203 3159 435 3228 definitionem
450 3159 609 3225 materiae
625 3159 729 3225 talem
743 3168 944 3250 posuerunt,
970 3184 1058 3251 quae
1080 3160 1323 3252 reprehensio-

202 3286 281 3332 nem
300 3261 520 3352 ambiguitate
539 3284 599 3329 sna
621 3261 788 3331 rideretur
815 3263 978 3355 effugere.
1030 3264 1083 3332 Ita
1107 3265 1237 3334 factum
1257 3272 1320 3349 est,

202 3367 240 3433 id
262 3366 356 3454 quod
375 3387 464 3455 pene
485 3374 535 3432 est
557 3365 771 3451 incredibile,
797 3374 835 3435 ut
856 3368 956 3435 etiam
976 3367 1142 3455 quinullo
1155 3368 1189 3435 in
1212 3389 1322 3459 argu-

202 3478 317 3537 mento
341 3489 409 3553 non
434 3488 531 3534 usum
559 3467 706 3556 aliquem
729 3470 805 3537 artis
832 3469 1025 3539 rhetoricae
1054 3493 1125 3538 esse
1148 3478 1321 3562 putarent,

203 3594 272 3640 non
296 3569 461 3637 haberent
483 3579 611 3655 tamen,
649 3594 718 3659 quo
747 3572 851 3664 pacto
882 3595 1017 3641 omnem
1044 3572 1139 3644 illam
1158 3572 1322 3641 materiae

203 3683 545 3767 argumentorumque
559 3673 627 3740 vim
642 3697 708 3740 una
729 3675 877 3764 quadam
893 3685 1051 3765 certaque
1068 3677 1206 3745 notione
1219 3698 1320 3746 com-

201 3776 461 3870 prehenderent.
522 3773 586 3843 coi
605 3775 684 3844 vitio
701 3778 729 3844 si
744 3779 906 3869 ,volumus
922 3800 1117 3866 occurrere,
1144 3779 1244 3848 altius
1260 3801 1319 3848 re·

201 3881 350 3972 petenda
365 3880 426 3946 erit
440 3878 518 3945 artis
530 3875 719 3949 rhetoricae
734 3881 895 3949 definitio.

292 3974 418 4071 'Aque
440 4004 545 4070 quum
572 3983 677 4050 omnis
699 3985 856 4052 orationis
869 3984 966 4052 'duae
988 3984 1051 4052 siut
1069 3984 1212 4070 formae,
1238 4005 1318 4069 una,

204 4107 292 4173 quae
313 4086 424 4178 poesis
443 4085 583 4169 dicitur,
616 4085 738 4171 altera,
764 4110 852 4175 quae
873 4110 996 4177 prosae
1020 4088 1175 4156 orationis
1192 4107 1319 4155 nomen

204 4185 321 4272 habet,
347 4196 453 4255 artem
468 4184 674 4258 rhetoricam
687 4211 808 4278 prosae
823 4190 978 4259 orationis
993 4190 1192 4260 condendae
1207 4191 1319 4260 scieu-

202 4291 287 4359 tiam
304 4312 374 4359 esse
389 4291 585 4364 iudicamus.
636 4291 736 4378 Quae
754 4293 905 4366 definitio
930 4295 1037 4366 minus
1056 4294 1243 4366 verendum
1270 4301 1321 4366 est
