2826 4904
179 308 244 374 268
367 305 443 367 ’ΒΕ
471 305 769 400 Puaucee'rls
796 302 1077 380 Qvluvsuau

56 494 64 503 '
180 499 292 549 sermo
308 478 367 563 sit,
393 480 527 548 nonde
550 500 610 564 eo,
635 477 731 568 qnod
749 498 888 570 prorsus
910 477 1073 551 incertum
1090 496 1131 545 ae
1146 473 1291 543 dubium

181 604 253 650 esse
265 582 440 653 indicetur.
490 584 564 653 Nee
578 580 699 651 Latine
713 582 888 671 qnisquam
905 580 1012 650 dicet:
1036 580 1069 649 si
1081 577 1145 648 tibi
1157 599 1292 670 oppor-

179 685 312 754 tunitas
326 684 519 755 adeundae
532 683 630 754 urbis
647 686 710 770 sit,
737 685 809 753 due
828 707 886 752 me
900 706 1024 776 quoqr.
1050 676 1154 751 istuc?
1175 682 1292 766 Quare

179 784 240 858 hie
260 786 327 883 ἢν,
351 790 406 856 vel
432 789 587 860 etiamsi
607 781 789 886 πρόφασις
808 790 953 884 γένηται
973 787 1074 856 scribi
1098 785 1232 869 debuit,
1260 785 1293 853 si

179 910 285 983 quem
301 899 531 983 praetextum
552 899 678 959 unctus
691 888 822 982 fueris.
881 892 960 958 Non
982 912 1056 957 sum
1076 889 1224 973 nescius,
1259 890 1295 960 εἰ

179 1015 260 1067 cum
283 995 434 1085 optativo
454 994 585 1087 saepius
608 994 757 1063 iunctum
778 993 932 1078 inveniri,
958 994 1018 1061 ubi
1039 992 1208 1075 futurum,
1236 991 1293 1059 vel

178 1095 329 1165 futurum
366 1108 540 1182 exactum,
591 1096 684 1185 quod
707 1120 771 1187 per
802 1096 1048 1166 coniunctivum
1079 1094 1208 1163 Graeci
1229 1093 1292 1161 de-

178 1198 328 1291 signant,
354 1202 540 1291 exspectari
559 1200 680 1289 possit:
705 1223 822 1268 verum
841 1201 924 1268 tales
940 1199 1036 1268 locos
1059 1198 1118 1288 qui
1139 1198 1292 1266 attentius

136 1303 176 1365 11
184 1302 459 1387 eons1deraver1t
498 1303 601 1372 facile
627 1303 845 1406 intelliget,
851 1326 982 1370 sensum
1004 1302 1108 1369 alium
1133 1324 1224 1385 esse,
1264 1302 1292 1369 si

180 1406 365 1497 optativus,
391 1380 560 1491 alium,
536 1428 563 1473 si
583 1405 733 1473 futurum
750 1417 808 1474 ant
827 1389 1055 1476 coniunctivus
1077 1403 1288 1473 atlliibeatnr.

178 1506 246 1576 vt
237 1520 271 1576 ut
286 1508 447 1600 Aeschyli
464 1510 560 1600 Sept.
577 1508 621 1576 ad
637 1507 752 1582 Theb.
767 1509 878 1578 initio:

332 1646 446 1740 εἰμὲν
463 1639 532 1772 reip
549 1673 587 1718 ιιι
575 1640 827 1740 πράξαιμεν,
849 1645 951 1716 αἰτία
970 1643 1084 1719 θεάν·

332 1744 420 1822 sid
434 1744 573 1835 αάθΗ,
559 1775 578 1820 o
596 1775 647 1844 μη
665 1749 830 1839 γένοιτο,
857 1740 1032 1841 συμφορά
1046 1740 1165 1837 enixos,

331 1846 586 1946 Ειιοιλέης
562 1879 607 1922 ur
628 1851 676 1931 ιῖι
696 1843 806 1931 aelric
826 1876 920 1921 ιιαια
912 1843 1065 1922 πτόλιν

329 1949 489 2045 ὑμνοῖθ’
511 1948 575 2023 ὑπ’
597 1945 1191 2049 άσιάνφροιμίοιςπολιιρράθοις.
1297 1969 1299 1974 ·

40 2112 46 2119 ·
178 2086 317 2156 Poterat
332 2085 467 2174 diei,
444 2115 488 2176 ην
506 2087 574 2181 μὲν
596 2116 636 2161 so
625 2080 864 2184 πράξωμεν,
891 2087 935 2185 ἢν
950 2087 988 2160 δι’
1005 2080 1176 2181 συμφορά
1187 2081 1288 2183 τάχη,

178 2188 248 2260 boe
270 2214 382 2285 sensu:
407 2192 439 2260 si
460 2189 547 2260 bene
563 2212 641 2261 rem
661 2191 898 2284 gesserimus,
931 2190 1002 2277 diis
1023 2194 1091 2262 hoe
1109 2198 1296 2282 acceptum

176 2291 335 2386 seretur:
367 2294 421 2364 siu
444 2295 577 2379 miuus,
618 2315 689 2387 ego
709 2292 948 2386 vituperabor.
1007 2294 1155 2363 Nolebat
1180 2304 1291 2361 tamen

177 2398 338 2468 Eteocles
368 2398 415 2469 sio
436 2397 480 2465 de
502 2399 587 2466 belli
610 2406 730 2467 eventu
755 2397 868 2486 loqui,
900 2405 938 2464 ut
961 2396 1063 2465 etiam
1082 2397 1172 2466 vinci
1197 2419 1292 2488 posse

178 2499 365 2570 Thebanos
388 2501 561 2571 indicaret.
618 2501 734 2586 Quare
758 2501 884 2569 cautius
905 2500 952 2567 ita
970 2498 1059 2571 haee
1080 2500 1234 2592 profert:
1265 2499 1293 2568 si

179 2600 267 2671 bene
287 2625 365 2673 rem
385 2624 613 2696 gereremus,
646 2604 716 2672 diis
743 2603 810 2672 boc
832 2601 955 2671 deberi
979 2602 1204 2672 crederetur:
1242 2603 1292 2672 sia

177 2705 292 2790 mate,
337 2726 408 2798 ego
442 2706 734 2798 reprehenderer.
801 2708 854 2774 lta
887 2716 1085 2795 utrumque,
1123 2715 1293 2796 tamquam

178 2806 274 2895 quod
296 2809 441 2899 cogitari
457 2809 581 2899 possit,
609 2809 779 2889 enunciat3
813 2818 968 2877 neutrum
993 2832 1092 2893 vero,
1122 2817 1293 2900 tamquam

179 2909 274 2998 quod
304 2911 488 2999 exspectari
511 2911 672 2978 debeat.
697 2912 804 3002 Apud
829 2912 968 3001 Dionys
996 2913 1076 2980 Hal.
1104 2911 1150 2980 de
1176 2923 1293 2983 constr.

180 3012 300 3078 verb!
291 3034 326 3078 ιιι
349 3013 424 3102 ipso
451 3014 517 3081 fine
535 3014 612 3081 libri
630 3013 717 3084 haec
732 3015 906 3137 leguntur:
932 3010 1045 3087 τοῦθ
1071 3021 1158 3097 ἕξεις
1181 3017 1293 3112 δῶρον

180 3111 378 3213 ἡμέτερον,
407 3143 433 3187 ω
423 3110 598 3211 Ροῦφι,
624 3116 765 3188 πολλῶν
790 3110 961 3200 άνιάξιον
984 3115 1118 3208 ἄλλων,
1147 3122 1182 3191 εἰ
1201 3128 1290 3212 βοι-

180 3216 362 3341 ipdsiqc’
344 3245 382 3291 ιν
396 3225 476 3300 ταῖς
491 3217 610 3315 χερσὶν
632 3212 729 3291 αὐτά
744 3219 915 3308 σινιχάς,
943 3216 1056 3316 άιιιιρ
1080 3248 1118 3294 τι
1134 3250 1201 3295 ιιαι
1186 3219 1293 3292 ἄλλο

180 3319 255 3391 τῶν
285 3312 381 3393 πάνυ
403 3321 606 3419 χρησίμων,
639 3322 744 3412 ἔχειν.
805 3322 874 3391 Ηίο
897 3322 1081 3391 modestiae
1110 3347 1226 3393 caussa
1250 3323 1295 3390 sie

179 3420 313 3490 loeutus
338 3433 396 3490 est.
455 3426 534 3493 Alia
562 3426 790 3516 exempla,
780 3449 815 3494 ιιι
848 3426 968 3514 quibus
998 3435 1090 3494 reete
1125 3451 1161 3494 se
1192 3426 1297 3494 habet

180 3520 366 3616 optativus,
392 3526 471 3594 vide
488 3528 581 3619 apud
602 3527 827 3597 Schaelerum
839 3529 884 3595 ad
897 3527 989 3597 huno
1008 3526 1159 3621 Dionysii
1174 3530 1296 3598 librum

179 3651 216 3718 p.
237 3625 325 3694 213.
348 3650 373 3695 s.
423 3628 526 3697 Adde
557 3630 771 3699 Erfurdtium
799 3631 844 3698 ad
873 3630 983 3723 Soph.
1017 3631 1105 3701 Oed.
1134 3636 1178 3703 R.
1211 3631 1295 3701 688.

180 3729 432 3838 Reponendus
429 3733 601 3824 optativus
616 3733 651 3800 in
670 3733 790 3802 eadem
804 3733 921 3802 fabula
938 3760 969 3803 v.
984 3732 1070 3803 668

334 3863 426 3943 dett
451 3892 519 3992 par
542 3864 776 3993 διιςμόρῳ
728 3900 773 3963 γα
796 3870 967 3996 φθίνοι-

332 3997 381 4046 ιιι
395 3967 521 4093 τρύχει
538 3966 678 4064 ψυχάν,
704 4002 765 4045 uer
756 3968 863 4046 τάδ’
878 3976 913 4047 εἰ
925 3979 1043 4055 ιιαιιιῖς

272 4175 276 4181 “
334 4069 427 4149 ruse?
442 4096 639 4172 apogaeum
653 4104 730 4158 τοις
744 4071 859 4150 παλαι
880 4070 929 4149 τά
943 4102 1032 4174 προς
1047 4103 1148 4173 σφων
1171 4078 1221 4168 *l-

225 4292 258 4370 *)
278 4292 360 4355 llaec
381 4293 413 4353 in
436 4292 567 4355 editione
588 4293 706 4356 subulae
729 4315 810 4356 nunc
825 4295 939 4381 rectius
956 4297 1112 4384 emendata
1128 4307 1209 4360 sunt.
