2826 4904
458 121 507 182 ln
538 119 726 184 GRAECA
754 121 942 190 nineve.
1011 149 1056 191 ,¹
1190 124 1257 187 233
1349 150 1353 157 ·

132 292 185 364 Se
200 301 311 362 tntum
331 298 478 383 praestat
499 316 520 360 a
539 301 666 362 morter
691 315 759 362 non
774 293 924 363 moritur.
976 291 1015 362 Si
1030 291 1179 377 dixisset,
1194 285 1259 413 pq*

138 389 330 490 ιιατθιῖνη,
364 394 500 464 dixnset
523 394 635 479 Ιιοα,
646 404 760 466 tutum
781 419 821 466 se
843 403 1027 489 praestat,
1057 417 1102 463 ne
1124 397 1257 464 moriu-
1356 444 1362 473 ,

134 509 217 577 tur;
242 470 303 566 nbi
321 521 427 586 quum
447 499 621 566 consilium
637 501 872 567 tantummodo
895 500 1155 591 significaretur,
1188 520 1257 565 non

136 590 417 689 consequeretur,
443 603 544 668 etiam
569 602 678 687 effici,
705 603 799 692 qnod
820 603 879 670 ille
899 604 988 687 vult,
1014 624 1086 668 non
1104 602 1192 668 mori
1210 624 1255 677 se,

135 705 350 796 Ambiguum
365 712 430 786 est,
457 697 584 800 ῥύεται
600 711 744 792 θανεῖν,
770 713 882 772 tutum
899 711 1065 799 praestat
1080 726 1119 772 se
1134 725 1158 770 α
1179 725 1254 771 mo
1236 715 1325 776 219

136 807 275 877 riendo.
327 807 370 874 ld
395 807 461 873 alio
485 807 641 897 exemplo
669 808 798 876 clarum
824 808 893 875 fiet.
951 811 1085 880 Θανεῖν
1114 807 1257 880 δέδοικα

138 920 190 979 est
208 916 326 979 metuo
350 917 517 994 mortem,
544 911 700 995 omnino,
731 911 799 978 sive
826 931 932 994 nunc,
958 910 1028 976 sive
1042 910 1156 993 polim,
1189 910 1258 978 sive
1348 982 1351 987 ,

138 1023 249 1097 certa,
275 1015 344 1081 sive
363 1014 490 1081 incerta
513 1013 619 1080 instet.
671 1014 831 1086 Δι’δοιια
848 1006 901 1108 μή
925 1005 1028 1084 θάνω
1037 1065 1051 1098 ,
1077 1020 1192 1079 metuo
1213 1033 1258 1080 ne

137 1117 293 1200 moriar,
318 1116 469 1183 futurum
490 1127 628 1207 putans,
664 1125 701 1184 ut
721 1116 855 1183 moriar.
906 1116 984 1182 Non
1005 1114 1126 1182 dicitnr
1146 1126 1258 1183 antem

139 1223 283 1292 δέδοικα
303 1243 354 1314 μη
381 1225 526 1291 θανεῖν.
560 1218 654 1307 qnod
685 1229 786 1304 esset,
819 1225 934 1286 metuo
964 1218 1072 1302 mori,
1112 1218 1182 1301 sic,
1219 1224 1259 1285 ut
1313 1250 1319 1257 ·

139 1321 326 1391 metuendo
345 1343 412 1389 non
433 1324 586 1390 moriar:
610 1321 647 1389 id
669 1322 762 1411 quod
779 1321 961 1390 absurdum
977 1330 1034 1388 est
1085 1319 1258 1388 Interdum
1370 1369 1378 1378 .

137 1433 249 1492 tamen
270 1424 351 1492 talia
366 1434 459 1494 recte
474 1425 542 1496 dici
556 1435 706 1517 possunt,
732 1435 771 1495 ut
797 1425 891 1516 apud
905 1408 1139 1514 Euripidem
1129 1446 1164 1490 ιιι
1184 1425 1259 1492 An-

139 1526 328 1598 dromacha
349 1549 381 1596 v.
404 1526 491 1596 644.

128 1627 136 1633 ”
623 1625 797 1705 τοῦσοδ’
827 1635 863 1702 οἱ
885 1627 992 1725 σοφοὶ
1014 1627 1158 1726 βρστσῖν

242 1731 541 1827 ἐξευλαβοῦνται,
566 1726 620 1824 pri
642 1731 759 1830 φίλοις
771 1728 916 1823 τεύχειν
941 1733 1029 1828 ἔριν.

139 1867 300 1938 carendo
320 1870 408 1938 enim
431 1891 511 1939 rere
536 1871 660 1939 evitant
683 1869 778 1936 rixas.
832 1851 1012 1939 Caeterum
1034 1870 1175 1937 observa
1203 1889 1259 1935 ra-

138 1995 214 2040 mm
236 1996 307 2039 esse
325 1975 361 2039 in
382 1974 452 2042 hoc
478 1997 604 2064 genere
624 1973 794 2063 participii
819 1995 933 2051 nsum3
971 1971 1067 2060 quod
1088 1973 1142 2038 vix
1163 1971 1267 2039 aliter·

136 2075 341 2157 invenietur,
383 2098 486 2162 quam
509 2076 567 2142 ubi
601 2096 743 2158 nomen,
784 2075 879 2164 qnod
907 2075 1071 2141 actionem
1100 2074 1258 2163 negativo

137 2176 230 2351 guez!
231 2176 415 2346 εἰέιιίιίὅρρι,
444 2199 510 2268 pro
525 2177 631 2246 verbo
647 2177 801 2267 ponitur,
825 2186 863 2243 nt
882 2177 976 2267 apud
989 2175 1234 2268 Sophoclem
1225 2197 1259 2243 ιιι

174 2303 195 2348 e

243 2413 287 2496 nic
312 2411 459 2492 οὐδέν’
440 2442 540 2490 εστιν
567 2415 653 2491 οὔτε
677 2410 810 2512 πύργος
832 2415 921 2491 οὔτε
944 2416 1031 2498 ναῖς

242 2520 373 2616 ἕρημος
396 2515 537 2616 ἀνδρῶν
563 2514 616 2615 μή
640 2513 901 2602 ξανοικαύνιαν
925 2522 1015 2612 ἕσας

138 2656 259 2740 idest,
285 2658 517 2750 ἐρημωθεῖσα
539 2650 594 2753 μή
606 2663 778 2739 ξυνοικεῖν
795 2658 861 2731 ἔσω
877 2651 987 2737 τινας.
1013 2655 1110 2723 Male
1129 2653 1259 2726 adhoc

138 2781 244 2851 genus
263 2759 388 2828 relatus
407 2769 456 2826 est
481 2759 516 2825 in
542 2758 810 2828 adnotationibus
840 2760 886 2827 ad
910 2761 1075 2852 Vigerum
1107 2781 1142 2849 p.
1169 2758 1257 2832 iii.
1296 2756 1302 2762 ’

137 2860 309 2930 Herodoti
339 2862 435 2931 locus
456 2862 516 2929 lx.
540 2857 601 2931 51.
643 2859 688 2958 ἤν
721 2857 999 2958 ὑπερβάλωνται
1038 2859 1157 2958 κείνην
1190 2856 1258 2957 τήν

140 2962 276 3060 ἡμέρην
301 2965 337 3035 οῖ
361 2967 518 3057 Πέρσαι,
546 2959 731 3061 συμβολήν
747 2962 800 3062 μή
813 2961 1047 3056 ποιεύμεναι.Ι
1088 2966 1150 3031 Est
1170 2964 1259 3030 enim
1359 3008 1364 3017 .

137 3064 263 3135 horum
283 3068 464 3135 verborum
478 3066 537 3134 hio
566 3089 694 3133 sensns.
726 3067 757 3134 si
776 3069 1103 3158 praetermisissent
1121 3065 1259 3134 Persae

138 3188 218 3238 eum
241 3168 387 3236 diem
357 3191 431 3238 srne
448 3168 602 3262 praelio.
1320 3177 1323 3182 '

239 3272 449 3363 Progredior
481 3271 527 3339 ad
558 3266 739 3339 secundani
769 3270 943 3362 regulam,
988 3293 1077 3360 quae
1119 3279 1168 3338 est
1213 3269 1258 3339 de

136 3375 311 3466 particulis
324 3369 378 3470 μή
396 3370 450 3447 οὔ
501 3367 571 3470 Mn
593 3399 636 3444 ov
623 3371 821 3469 infinitivo
844 3373 896 3441 sic
916 3374 1073 3458 iunctae,
1098 3381 1137 3440 nt
1160 3380 1325 3445 cesano

136 3477 338 3572 affirment,
364 3484 583 3596 usurpantur
603 3484 687 3569 post
708 3477 801 3545 duas
821 3478 1029 3570 negationes
1051 3477 1257 3545 seinvicem

137 3582 308 3649 tollentes.
360 3581 424 3648 Est
438 3580 526 3647 enim
539 3581 661 3649 harum
680 3604 757 3648 usus
772 3582 1011 3671 particularum
1026 3580 1074 3648 ibi
1090 3579 1258 3670 proprius,

137 3684 197 3751 nbi
222 3684 380 3781 negativa
400 3685 559 3751 sententia
581 3694 733 3776 negatur.
798 3685 912 3767 Quare
937 3686 997 3753 etsi
1025 3680 1110 3750 nihil
1133 3684 1256 3766 obstat,

137 3787 337 3877 quinetiam
355 3787 449 3854 nulla
463 3809 662 3878 praegressa
674 3787 854 3878 negatione
870 3813 921 3882 μη
948 3785 992 3859 od
1014 3809 1092 3855 cnm
1106 3786 1257 3851 affirma-

136 3891 229 3957 tione
250 3889 397 3972 dicatur,
423 3911 492 3956 non
510 3889 610 3957 estid
624 3900 737 3958 tamen
751 3891 932 3957 usitatum·
968 3888 1152 3957 Videamus
1168 3911 1256 3958 nunc
1303 3927 1311 3965 ι

138 3993 305 4083 exempla.
356 3992 457 4060 Plato
477 3991 522 4060 de
543 4014 615 4082 rep.
641 3995 706 4061 1.
696 4016 731 4061 ιιι
756 3994 841 4078 fine,
870 4015 905 4083 p.
928 3985 1014 4059 354.
1040 3992 1082 4059 Β.
1109 3990 1169 4063 καὶ
1192 3992 1256 4083 ἐμ·

139 4094 315 4178 πεσόντος
335 4091 382 4169 αὖ
404 4091 557 4192 ὕστερον
577 4089 707 4190 λόγου,
735 4092 794 4169 ὅτι
819 4096 1110 4192 λυσιτελέστερον
1131 4090 1255 4192 ridde·-
