2826 4904
540 371 833 440 sancturus.-

257 542 421 612 Martisve
444 543 558 613 dicens
581 546 782 618 insatiabiles

254 647 375 734 Risus,
403 658 437 716 et
457 649 518 716 atri
540 648 678 717 flumina
702 653 872 743 sanguinis

118 750 120 755 ’
332 751 399 818 Per
423 760 536 840 pratu,
560 774 624 841 per
649 774 789 844 campos
814 756 956 824 virentes

324 924 328 939 f
407 853 517 941 Fusa,
542 847 718 946 trucesque
737 858 828 928 necis
844 859 979 951 ligurus.

107 1202 112 1207 ¹
256 1122 360 1205 Quali
382 1126 529 1196 tumultu
552 1149 661 1218 nuper
684 1126 849 1198 inhorruit

256 1224 442 1296 Concussus
460 1231 568 1317 orbis,
594 1255 699 1321 quum
724 1254 875 1323 propero
900 1234 1012 1327 ffladu

331 1331 477 1399 Bellona
499 1335 654 1405 tellurem
683 1358 858 1426 pererrans

390 1435 592 1527 „Puniceum
616 1447 768 1528 quateret
795 1439 981 1532 flagellum,

252 1704 331 1787 Qua
356 1704 441 1774 dura
463 1710 562 1776 sensit
585 1709 718 1799 proelia
742 1707 896 1777 Sarmata

251 1807 415 1898 Adusque
440 1809 573 1897 Gades,
599 1811 786 1881 exitialibus

327 1911 439 1980 Armis
462 1914 523 1981 ubi
550 1914 652 1982 iratus
677 1913 822 1983 rebellat

336 2092 337 2096 Ἰ
406 2014 778 2111 Οειιιίεὼοιλίιιάοοίἰίε
803 2014 950 2084 domari.

254 2283 346 2369 Quin
369 2297 403 2356 et
422 2288 568 2378 parentis
590 2287 780 2361 Teutoniae
803 2309 912 2380 genus

251 2386 385 2482 Magno
408 2415 584 2482 resurgens
605 2392 748 2461 vidimus
767 2391 897 2480 impetu

328 2495 476 2563 Tentare
500 2496 670 2562 fortunam
694 2495 876 2586 fugacem,
909 2499 944 2562 et

402 2597 584 2669 Luctificus
606 2599 727 2667 iterare
750 2595 875 2682 clades,
1000 2685 1008 2698 .

251 2866 364 2949 Quam
385 2891 476 2960 pene
496 2871 614 2940 nostris
635 2870 811 2962 contiguas
830 2866 928 2952 focis,

250 2969 363 3052 Quum
395 2974 592 3064 pervicaces
622 2997 691 3043 non
724 2974 794 3043 sine
822 2973 959 3041 numine

325 3075 476 3145 Turmae
491 3079 766 3166 propinquarent
788 3077 944 3168 nigrique

400 3178 479 3244 Dux
502 3180 639 3268 equitis,
663 3200 848 3270 generosus
873 3161 975 3246 eisul.
1000 3170 1038 3262 *)

211 3512 212 3515 ,
251 3447 394 3518 Oclara
414 3448 547 3540 Pragae
564 3449 654 3535 iilia,
679 3456 714 3518 te
736 3472 830 3518 suam

254 3554 412 3622 Praesens
433 3553 608 3620 tremenda
630 3554 781 3645 protegit
803 3544 926 3644 aegide

262 3709 271 3717 s
326 3657 462 3749 Regina
484 3657 609 3738 Pallas3
641 3667 674 3725 te
702 3657 851 3748 benignu

401 3759 545 3831 Lumine
570 3761 753 3853 respiciunt
777 3761 958 3845 Camenae,
1086 3830 1099 3853 ᾗ

162 4194 189 4268 *)
213 4191 299 4251 Hanc
322 4202 351 4254 et
374 4192 600 4272 praecedentem
620 4193 774 4276 stropham
797 4190 894 4280 omitti
907 4189 1054 4250 iusserant
1074 4185 1105 4246 in
1127 4176 1232 4244 exem-
1298 4140 1322 4193 ⁸
1361 4250 1368 4257 .

119 4277 178 4357 plis
206 4278 329 4356 publice
354 4279 520 4340 distributis
553 4282 605 4360 qui
643 4288 710 4342 tom
728 4299 777 4341 res
803 4289 922 4339 nostrm
950 4274 1040 4336 nimis
1063 4272 1232 4337 meticulosi
1363 4356 1368 4363 ο

115 4361 268 4444 regebant.
902 4383 931 4521 z
957 4449 981 4518 2
