2826 4904
452 299 501 361 nv
530 297 711 363 caruca
738 298 924 361 mncva.
1180 270 1255 389 εὀο

239 472 318 542 Νοιι
342 470 484 546 meliora
502 480 594 558 sunt,
627 494 714 561 quae
735 469 780 540 de
800 472 976 542 omissione
989 471 1177 563 particulae
1199 471 1246 548 ἄν

133 577 329 662 traduntur,
354 584 511 667 exparte
534 577 604 642 iam
626 598 647 642 a
671 573 858 644 Schaefero
879 584 1010 663 notata,
1044 594 1146 665 quem
1169 576 1246 664 qui-

135 680 218 749 dem
236 679 296 751 hic
316 678 460 747 maxime
479 700 692 768 speraveram
711 678 816 746 multa
840 702 859 745 e
880 677 1052 747 doctrinae
1073 701 1152 746 suae
1168 677 1247 746 the-

137 784 241 852 sauris
256 782 454 875 largiturum
477 803 556 848 esse.
608 779 778 869 Equidem
796 779 871 870 satis
895 780 1009 849 habeo
1029 780 1175 849 breviter
1195 780 1249 846 in·

135 880 285 972 dicasse,
317 884 411 974 qnod
431 883 592 974 longioris
617 891 669 952 est
695 881 941 976 disperationis,
973 884 1171 974 particulam
1201 881 1247 954 οἷν

139 989 183 1057 ab
209 989 350 1078 antiquis
373 988 420 1054 sic
442 1008 512 1054 esse
530 994 740 1076 usurpatam,
766 993 803 1051 ut
826 984 911 1050 nihil
931 984 975 1051 ad
992 986 1087 1054 verbi
1105 984 1248 1053 modum

135 1093 329 1183 pertineret.
388 1090 504 1173 Quare
530 1088 637 1158 sicubi
666 1087 831 1180 optativus
862 1088 918 1156 vel
946 1089 1171 1157 coniunctivus
1191 1087 1248 1153 vel

137 1195 241 1262 etiam
263 1193 456 1261 indicativus
478 1191 644 1259 invenitur
664 1204 704 1258 ea
723 1190 889 1280 particula
909 1191 1103 1275 destitutuS,
1137 1191 1184 1257 ita
1200 1197 1249 1257 est

137 1294 409 1380 existimandum,
447 1294 537 1364 hanc
564 1294 765 1387 particulam
785 1313 854 1360 non
880 1317 951 1363 esse
972 1293 1139 1375 additam
1179 1315 1248 1360 non

138 1400 259 1484 etiam,
285 1399 439 1467 omissam
459 1420 529 1465 esse
554 1395 604 1487 ¹¹¹).

240 1501 353 1569 Multo
364 1500 461 1592 peius
478 1492 541 1573 εὀἷν
561 1501 662 1567 etiam
680 1522 758 1571 curn
774 1500 971 1569 soloecismo
990 1499 1248 1591 intelligendum
1359 1552 1362 1559 .

136 1605 267 1698 putavit
278 1603 526 1696 Schoetgenius
544 1605 579 1672 in
598 1602 789 1671 huiusmodi
810 1605 986 1695 exemplis:
1013 1603 1138 1682 δοῦλος
1151 1599 1249 1696 ἐκλή-

138 1717 224 1803 θης·
256 1701 308 1803 μή
330 1733 388 1779 σοι
410 1707 566 1805 polteo:
597 1707 625 1773 Ι.
645 1706 723 1775 Cor.
748 1706 823 1772 Vll.
840 1705 901 1772 21.
924 1706 985 1773 ubi
1001 1712 1093 1772 recte
1109 1703 1247 1791 quidem

136 1816 252 1878 monet
270 1808 491 1891 Schaeferus,
515 1830 584 1874 non
604 1829 689 1896 opus
714 1830 784 1875 esse
809 1807 933 1898 ellipsi,
959 1807 987 1873 si
1004 1807 1120 1899 priora
1140 1806 1315 1883 verbalso
1393 1888 1395 1890 q

135 1935 202 2004 per
212 1904 509 2005 interrogationem
524 1909 614 1978 dicta
627 1910 847 2000 accipiantur:
873 1910 933 1979 sed
954 1933 997 1977 ne
1019 1909 1090 1978 hoc
1108 1909 1247 1999 quidem
1362 1978 1370 1999 ι

136 2034 272 2083 necesse
286 2023 349 2101 est,
375 2015 454 2103 quia
468 2013 568 2080 etiarn
588 2036 691 2104 quum
706 2013 774 2082 sine
787 2014 1050 2106 interrogatione
1063 2015 1247 2103 proferun-

104 2148 107 2153 ·
135 2125 206 2204 tur,
233 2118 343 2184 statim
358 2125 517 2206 apparet,
542 2139 615 2185 rem
628 2116 714 2186 sumi
726 2118 960 2184 tantummodo
976 2125 1015 2183 ut
1028 2125 1155 2200 actam,
1179 2137 1248 2181 non

135 2228 173 2290 ut
185 2243 225 2288 re
246 2228 447 2287 veraactam
460 2219 586 2285 referri.
637 2220 751 2306 Atque
764 2218 825 2287 hic
844 2240 980 2306 quoque
997 2240 1076 2285 usus
1095 2237 1249 2286 commu-

135 2324 185 2392 nis
212 2328 264 2390 est
284 2320 432 2387 omnium
451 2320 651 2409 linguarum.

241 2421 300 2492 Ob
315 2422 415 2490 aliam
429 2444 578 2491 caussam
594 2444 767 2489 enumero
784 2421 954 2513 ellipsium
971 2419 1183 2490 eximendum
1201 2428 1251 2488 est

136 2527 226 2612 hoc,
260 2519 348 2619 γο’νυ
370 2516 522 2619 κνήμης,
547 2525 606 2592 ubi
625 2525 744 2617 ἔγγιον
758 2548 826 2592 non
848 2548 912 2616 per
932 2525 1082 2615 ellipsin,
1107 2522 1168 2590 scd
1185 2546 1251 2614 per

137 2628 352 2723 aposiopesin
375 2626 555 2694 omittitur:
596 2627 691 2716 quod
720 2627 879 2718 frequens
903 2651 974 2696 esse
1002 2629 1037 2694 in
1063 2626 1250 2718 proverbiis

137 2755 239 2824 supra
250 2730 505 2799 observavimus.

154 2847 160 2857 '
238 2837 358 2924 Neque
378 2833 449 2900 ulla
463 2840 512 2901 est
523 2833 710 2925 particulae
725 2839 787 2916 ἕως
802 2834 926 2926 ellipsis
941 2835 976 2900 in
991 2833 1061 2903 hoc
1081 2833 1248 2924 exemplo,

136 2936 324 3031 μείναντες
349 2931 525 3033 deniteat
549 2929 596 3007 τό
614 2931 826 3025 κλυδώνιον,
859 2938 938 3027 quia
958 2937 1136 3004 infinitivus
1158 2938 1249 3004 solus

137 3063 201 3131 per
221 3064 255 3108 se
272 3039 436 3130 significat
458 3047 498 3106 nt
517 3039 654 3130 aliquid
670 3038 767 3133 fiat,
794 3041 889 3130 quod
909 3041 968 3108 ubi
984 3040 1028 3107 de
1052 3048 1249 3131 exspectan:

138 3143 187 3211 do
209 3164 318 3210 sermo
339 3149 405 3226 est,
431 3150 550 3232 sponte
571 3153 714 3232 apparet
736 3144 944 3212 tantumdem
966 3167 1036 3210 esse
1068 3165 1110 3210 ac
1138 3143 1250 3208 donec

137 3244 276 3337 aliquid
281 3243 370 3340 fiat.
462 3296 467 3305 ,
832 3242 837 3261 ‘

154 3364 158 3369 ·
242 3346 451 3437 Speciosior,
481 3366 545 3411 nec
568 3352 680 3410 tamen
701 3366 783 3410 vera
804 3345 928 3435 ellipsis
944 3352 992 3411 est
1013 3342 1200 3433 particulae
1215 3339 1248 3440 ἦ,

137 3450 227 3520 utin
242 3448 311 3516 his:
338 3444 381 3522 ου’
395 3447 503 3519 πλέον
520 3444 583 3542 τῆς
597 3438 730 3524 πόλεως
748 3445 915 3526 σταδίους
935 3442 1116 3535 ἀπέχοντο
1137 3444 1249 3520 ἑπτά·

137 3553 203 3649 ἕνη
222 3545 371 3645 γεγονοίς
393 3547 500 3622 πλείω
528 3542 789 3644 ἑβδομήκοντα.
840 3551 887 3618 At
912 3548 973 3618 hic
996 3557 1126 3617 tantum
1157 3551 1251 3616 abest

136 3663 178 3723 ut
202 3653 226 3749 ἢ
249 3654 406 3722 omissum
429 3652 487 3738 sit,
528 3661 566 3722 ut
588 3652 698 3744 magis
719 3652 907 3748 praegressi
923 3655 1065 3723 nominis
1086 3651 1250 3744 genitivus

183 4021 215 4102 *)
235 4022 279 4084 Ι)ο
299 4023 389 4086 huius
410 4025 576 4107 particulae
598 4025 756 4086 omissione
777 4023 891 4087 dictum
920 4027 1017 4087 estin
1045 4023 1251 4086 dissertatione

138 4107 179 4171 de
201 4129 235 4169 ea
255 4112 424 4188 particula,
447 4129 523 4189 quae
544 4111 658 4190 scripta
678 4121 723 4171 est
744 4110 868 4172 editioni
890 4112 1081 4172 Britannicae
1107 4110 1251 4171 Thesauri
1329 4174 1330 4178 ,

138 4193 344 4274 Stephaniani.
379 4195 424 4256 Ac
448 4195 561 4255 nullam
583 4215 647 4256 esse
660 4195 750 4256 huius
769 4198 934 4277 particulae
955 4197 1073 4276 ellipsin
1090 4197 1138 4258 vel
1159 4217 1197 4256 ex
1216 4217 1250 4256 eo

138 4288 242 4361 patet,
266 4281 349 4363 quod
368 4280 486 4343 omissio
503 4281 566 4343 eius
581 4289 677 4342 mutat
700 4282 863 4343 sententiae
880 4282 1035 4346 rationem.
