2826 4904
151 293 194 355 42
496 287 566 348 DE
635 286 929 348 roasssos

153 463 263 532 ctione
278 458 393 530 flebile
408 460 497 528 istud
511 459 740 549 quaerendum
753 468 811 528 est.
852 460 907 529 Ac
928 460 1117 528 formositas
1132 462 1270 549 quidem

151 589 216 658 per
228 588 264 633 sc
279 574 313 632 et
327 565 437 632 statim
451 564 661 654 voluptatem
675 572 776 648 creat,
791 585 878 652 quae
893 564 920 630 si
929 563 1041 633 iuncta
1056 574 1106 631 est
1118 566 1271 632 sublimi—

150 671 230 754 tati,
250 668 284 734 in
301 690 367 757 qua
381 666 492 757 primo
508 666 728 735 iniucunditas
747 666 914 755 quaedam
928 676 997 751 est,
1023 665 1071 735 vis
1087 668 1156 735 eius
1171 668 1270 735 debi—

149 773 262 841 litatur
275 780 309 838 et
323 769 552 839 iniucunditati
565 769 665 839 cedit.
690 770 886 840 Necessario
899 779 1012 838 autem
1018 771 1065 837 ita
1074 770 1177 838 debet
1185 792 1271 838 eon-

149 876 263 943 iuncta
274 897 346 940 esse
360 873 542 941 sublimitas
552 896 630 942 cum
643 873 862 957 formositate,
876 873 998 941 eadem
1011 896 1064 940 res
1079 883 1115 941 at
1131 875 1197 941 alia
1213 898 1269 942 ra-
1334 954 1338 961 ⁴

149 979 241 1046 tione
254 977 413 1061 formosa,
423 976 489 1044 alia
502 976 650 1045 sublimis
664 976 715 1043 sit.
741 976 830 1043 Nam
841 976 869 1043 si
880 976 1000 1045 eadem
1015 975 1143 1044 ratione
1153 977 1269 1045 otfor-

149 1103 244 1150 mosa
258 1089 292 1149 et
300 1080 450 1147 sublimis
465 1089 514 1148 est
526 1078 636 1170 (quod
649 1088 723 1163 tum
737 1079 787 1164 fit,
802 1102 906 1168 quum
923 1080 958 1145 in
971 1080 1178 1147 formositate
1186 1082 1268 1150 sub-

148 1185 270 1251 limitas
292 1182 390 1273 inest)
412 1183 533 1250 nobilis
558 1182 760 1273 appellatur.
819 1184 997 1251 Praeterea
1018 1183 1104 1250 illud
1130 1206 1267 1274 quoque

147 1285 333 1354 notandum
349 1293 424 1369 est,
450 1285 671 1353 deformitatis
684 1308 762 1355 cum
777 1285 984 1353 formositate
998 1287 1266 1356 coniunctionem

147 1412 216 1457 non
230 1410 331 1480 posse
345 1388 500 1457 lacrimas
517 1389 617 1474 ciere,
643 1398 826 1480 propterea
841 1389 954 1480 qnod,
981 1412 1085 1478 quum
1097 1391 1132 1456 in
1146 1392 1266 1460 mentis

14 1573 17 1580 Ι
146 1492 295 1582 quadam
310 1499 521 1584 repugnante
530 1493 762 1561 exercitatione
774 1493 835 1560 iste
847 1503 1130 1578 sensuscernatur,
1139 1496 1265 1584 pariter

145 1596 231 1664 utin
244 1594 408 1680 ridiculo,
426 1592 632 1664 vitandaesr'
644 1595 837 1664 absurditas.
889 1596 931 1663 ld
954 1605 1067 1664 autem
1081 1619 1123 1664 eo
1135 1607 1264 1666 tantum

2 1726 6 1735 =
70 1686 82 1701 '⁶
144 1699 219 1768 fieri
232 1707 361 1791 potest,
380 1699 501 1787 -quod,
537 1714 642 1788 quum
657 1699 841 1791 impeditur
861 1698 1075 1768 formositatis
1092 1700 1263 1786 iudicatio,

144 1802 240 1869 aliud
254 1801 357 1886 adsit,
370 1824 453 1890 -qao
468 1803 588 1871 eadem
601 1825 656 1870 res
670 1802 811 1871 iudicari
825 1813 929 1891 queat
943 1802 1037 1891 quod
1050 1804 1085 1869 in
1100 1804 1264 1872 deformi·

93 1982 95 1986 y
144 1913 215 1972 tate
227 1927 391 1992 nusquam
407 1915 465 1973 est.
505 1906 558 1974 lta
578 1904 775 1995 Sophocles
788 1906 824 1972 in
838 1904 966 1998 Oedipi
980 1905 1124 1976 Coloaei
1138 1909 1262 1999 princi·-

144 2007 223 2099 pio,
248 2016 285 2076 et
295 2007 468 2076 Homerus
479 2008 523 2077 de
538 2016 673 2076 mortuo
688 2009 850 2093 Hectore,

557 2151 638 2242 κᾶρη
661 2151 687 2220 δ’
707 2151 790 2222 ἅπαν
807 2157 841 2222 ἕν
864 2158 985 2246 κονίῃσι

150 2300 152 2305 -
270 2264 369 2339 κεῖτο,
389 2251 488 2345 πάρος
510 2262 629 2345 χαρίεν·
656 2252 725 2324 τότε
746 2258 779 2323 δὲ
800 2257 879 2336 Ζεύς
901 2259 1091 2344 ὃυςμενὲεσσι
1202 2264 1205 2271 ’

269 2362 367 2427 doixev
388 2354 600 2426 ἄεικίσσασθαι
621 2361 658 2451 ἑῇ
678 2361 712 2426 ἓν
731 2365 854 2448 πατρίδι
872 2364 955 2451 γαίῃ.

140 2519 239 2590 Haec
257 2519 360 2588 animi
382 2516 520 2587 affectio
543 2517 579 2585 in
601 2541 644 2587 eo
663 2541 790 2608 genere
812 2520 948 2590 ridiculi
969 2543 1072 2610 saepe
1086 2520 1260 2603 invenitur,

141 2622 237 2711 quod
249 2624 286 2689 in
299 2624 411 2690 nativa
424 2643 558 2688 mamm
572 2621 784 2707 simplicitate
798 2631 858 2687 est.

244 2723 366 2793 Redeo
383 2721 428 2789 ad
441 2722 518 2816 illa,
544 2743 688 2808 quorum
696 2744 811 2790 mussa
821 2721 912 2790 haec
924 2722 1036 2790 omnia
1049 2743 1259 2792 commemo.-

29 2868 31 2875 ι
140 2835 215 2894 rata
230 2809 314 2893 sunt.
367 2824 500 2909 Quodsi
511 2824 600 2890 enim
613 2824 755 2892 ridicula
769 2848 833 2915 per
849 2847 885 2892 se
903 2825 1166 2915 pulcritudinem
1181 2827 1258 2894 nul-

139 2928 210 2997 lam
224 2929 371 3013 habent,
392 2949 466 2995 non
478 2937 617 3018 possunt
632 2927 713 2995 inde
726 2928 831 3014 aliae,
855 2929 917 2995 n'ni
931 2930 1087 2998 fortuitae
1114 2951 1257 3019 poeseos

23 3083 26 3104 1
138 3033 315 3101 divisiones
330 3030 438 3116 nasci,
464 3053 546 3119 quas
562 3030 597 3097 in
607 3030 678 3100 hoc
692 3054 819 3123 genere
833 3032 1062 3124 disputationis
1074 3035 1257 3124 praeterire

139 3144 285 3227 oportet
317 3135 375 3203 Sic
390 3134 506 3219 satira,
526 3134 619 3203 cuius
642 3135 691 3203 ris
710 3135 745 3204 in
763 3135 954 3205 deridendis
975 3137 1151 3205 hominum
1172 3136 1257 3203 vitiis

138 3239 249 3330 posita
271 3248 338 3325 est,
363 3261 432 3306 non
457 3237 565 3306 est-in
578 3239 617 3306 iis
634 3240 819 3308 carminum
840 3243 1019 3332 generibus
1037 3238 1255 3321 numeranda,

138 3366 226 3432 quae
240 3365 282 3411 ex
295 3344 370 3432 ipsa
385 3342 522 3423 notione
535 3364 683 3434 poeseos
697 3344 896 3412 derivantur.
930 3345 1066 3413 Eodem
1077 3345 1183 3412 modo
1198 3341 1255 3431 qui

126 3446 352 3514 ¹comoediam
364 3445 508 3515 ridiculo
528 3469 642 3515 carere
655 3457 1029 3538 non-possestatuunt,
1055 3448 1184 3516 nescire
1204 3446 1254 3512 vi-

136 3549 276 3633 dentur,
297 3569 412 3616 omnes
431 3549 629 3640 tragoediae
647 3562 682 3618 et
709 3551 907 3620 comoediae
932 3552 1136 3619 diaersitates
1157 3550 1254 3617 unice

137 3673 178 3720 ex
192 3653 395 3720 sublimitate
402 3660 435 3720 et
447 3652 655 3727 formositate
668 3655 769 3722 nasei.
799 3655 997 3725 Ridiculum
1009 3655 1147 3743 quidem
1160 3678 1181 3721 a
1193 3675 1253 3721 co-

135 3744 273 3824 moedia
292 3756 409 3825 abesse
422 3777 534 3845 posse,
550 3757 605 3825 vel
613 3757 801 3826 dimidiatus
807 3759 868 3826 ille
880 3759 1070 3827 Menander
1077 3758 1253 3826 Terentius

79 3937 81 3942 ,
136 3859 327 3928 ostenderit.
370 3860 485 3949 Atque
502 3858 631 3928 etiamsi
659 3862 919 3950 frequentius-in
940 3862 1149 3930 formositate
1168 3861 1253 3928 ridi-

135 3964 250 4032 culum
264 3973 324 4048 est,
344 3971 458 4031 tamen
471 3986 575 4052 quum
588 3986 631 4033 ne
647 3988 668 4031 a
684 3964 885 4034 sublimitate
906 3967 1043 4055 quidem
1060 3965 1252 4046 abhorreat,

136 4066 235 4133 etiam
248 4067 284 4134 in
295 4067 474 4159 tragoedia
486 4073 579 4135 recte
594 4068 793 4152 adhibetur,
816 4093 904 4160 quaa
917 4081 990 4140 tum
1001 4070 1084 4160 quid
1098 4069 1251 4151 haberet,

135 4189 271 4258 quaeso,
293 4191 362 4260 qao
380 4194 402 4240 a
415 4169 594 4241 comoedia
607 4170 785 4241 differret?
1088 4175 1090 4178 ’
