2826 4904
168 378 170 382 ,
226 292 232 300 ’
270 300 458 368 erosas
486 304 543 367 ur
572 302 812 368 rorrrcur
839 305 1114 369 onur1onrs.
1208 316 1250 375 or

135 480 302 550 sublatam
324 486 458 571 gestare
478 477 582 562 solet,
615 488 777 569 upoeta,
809 478 1062 570 diligentissimo
1085 481 1167 548 alias
1190 503 1252 549 ua·

135 596 234 653 turae
256 585 470 650 observatore
500 580 656 650 omissum
677 605 765 650 esse:
796 581 831 650 iu
854 606 921 673 qua
939 606 978 650 re
1007 584 1167 653 curiosior
1190 585 1254 651 fuit

135 689 236 756 Plato
250 688 285 753 in
302 685 462 752 Phaedro
480 705 556 772 cap.
575 683 636 752 Ἠ.
658 708 692 776 p.
709 681 853 752 2541).
904 686 975 756 Sed
989 687 1071 774 quid
1086 687 1145 772 sit,
1159 687 1254 775 quod

136 792 171 858 in
183 791 242 857 illa
259 788 482 877 descriptione
498 789 610 877 poesis
632 787 694 855 sibi
715 788 879 876 vindicet,
905 790 1033 880 optime
1054 792 1181 880 poterit
1200 792 1253 857 in-

136 893 270 984 telligi,
295 893 322 959 si
338 892 411 978 quis
428 890 506 978 equi
521 891 610 959 illius
622 891 807 980 imaginem
822 893 955 980 pictura
972 915 1161 982 expressam
1175 916 1253 961 cum

136 996 287 1087 imagine
316 994 396 1083 equi
432 994 585 1078 tolutim,
629 996 676 1063 ita
694 1003 732 1059 ut
761 995 876 1082 equiso
897 994 1028 1080 docuit,
1071 997 1254 1065 incedentis

136 1121 337 1190 comparare
349 1098 452 1165 volet.
504 1098 622 1187 Equus
642 1098 748 1181 euim,
774 1097 911 1185 qualem
932 1099 1102 1167 Homerus
1125 1099 1254 1168 descri-

136 1203 207 1287 bit,
246 1211 360 1271 erecto
392 1201 524 1291 capite,
565 1201 749 1269 fluctuante
779 1201 877 1287 iuba,
912 1201 1099 1270 luxuriante
1123 1203 1253 1293 pedum

136 1306 384 1396 glomeratione
399 1305 622 1422 alacritatem,
648 1303 822 1389 ferociam,
847 1313 1010 1371 terrorem
1024 1306 1141 1395 spirat:
1168 1306 1253 1373 alter

134 1410 219 1493 iste,
244 1408 346 1477 etiam
359 1407 387 1474 si
401 1407 520 1474 eximia
532 1407 572 1476 sit
586 1406 824 1500 pulcritudine,
848 1406 979 1475 nihil
948 1431 1010 1476 msr
999 1408 1144 1499 'docet,
1170 1408 1253 1533 quid

136 1512 180 1579 sit
195 1511 322 1602 gradus
338 1511 487 1578 tolutilis.

240 1615 358 1682 Tertio
388 1617 467 1683 loco
497 1611 541 1679 de
568 1634 656 1679 nexu
677 1611 922 1703 cogitationum
947 1611 1113 1697 dicemus,
1161 1614 1253 1682 euius

136 1739 207 1785 uon
229 1728 345 1808 potest
367 1741 437 1786 non
462 1717 529 1784 alia
545 1717 631 1782 ratio
657 1716 692 1781 in
712 1737 815 1805 prosa
831 1715 982 1782 oratione
994 1725 1096 1804 atque
1109 1716 1144 1782 in
1155 1717 1254 1804 poesi

137 1841 222 1893 esse.
275 1821 390 1904 Quum
413 1821 502 1888 enim
523 1841 646 1910 prosae
662 1819 820 1885 orationis
842 1818 1021 1909 proprium
1045 1821 1104 1905 sit,
1129 1841 1253 1910 perce-

136 1924 270 2015 ptiones
291 1925 419 1992 referre
441 1922 486 1990 ad
506 1945 559 1991 res
583 1931 751 2006 externas,
783 1921 889 2012 idque
917 1924 1093 1991 notionum
1116 1922 1252 2007 auxilio,

136 2048 221 2116 quas
238 2028 363 2095 format
383 2037 417 2096 et
438 2027 608 2096 constituit
632 2026 835 2095 intellectus:
867 2035 1023 2115 apertum
1051 2036 1099 2094 est
1118 2048 1254 2094 omnem

135 2140 291 2198 naturam
311 2130 527 2220 cognitionis,
553 2152 641 2216 quae
661 2129 732 2197 hoc
746 2128 853 2195 modo
872 2131 993 2211 oritur,
1021 2151 1063 2195 eo
1079 2129 1252 2210 contineri,

133 2233 235 2315 quod
256 2231 438 2320 singularia
459 2255 524 2319 per
542 2231 713 2320 generalia·
737 2229 1053 2317 comprehendimus
1081 2238 1180 2317 atque
1197 2231 1252 2296 in-
1288 2304 1290 2309 ,

131 2333 334 2424 telligimus.
383 2333 545 2400 Notioues
568 2330 657 2397 euim
680 2329 994 2420 comprehensiones
1020 2318 1095 2399 sunt
1123 2353 1251 2416 eorum,

134 2459 225 2527 quae
239 2435 390 2525 plurium
404 2456 516 2501 rerum
534 2433 726 2502 communia
743 2441 827 2499 sunt.
878 2433 996 2521 ltaque
1016 2457 1081 2524 per
1102 2436 1298 2506 notionesll

134 2539 264 2628 aliquid
280 2556 506 2628 cognoscere,
531 2537 568 2604 id
587 2547 636 2603 est
658 2535 848 2626 intelligere
862 2559 932 2605 esse
947 2537 1077 2625 aliquid
1089 2537 1124 2605 in
1138 2560 1252 2607 earum

134 2666 248 2711 rerum
272 2663 430 2725 umnero,
458 2642 596 2727 inques
616 2641 709 2706 notio
732 2640 845 2728 aliqua
867 2639 1020 2728 quadret.
1078 2639 1253 2709 Contraria

136 2768 281 2838 poeseos
303 2745 387 2812 ratio
405 2753 462 2810 est.
487 2828 489 2832 ι
514 2744 612 2810 Haec
626 2742 706 2831 quia
725 2744 959 2834 perceptiones
976 2766 1045 2811 non
1058 2742 1103 2810 ad
1128 2767 1179 2812 res
1192 2766 1251 2812 ex-

135 2861 265 2932 ternas,
299 2847 359 2915 sed
388 2846 431 2912 ad
459 2869 592 2913 sensum
614 2856 782 2930 nostrum,
815 2868 880 2914 nec
902 2868 966 2936 per
987 2847 1157 2935 notiones,
1190 2847 1252 2915 sed

136 2973 202 3044 per
211 2951 304 3019 ideas
316 2951 437 3034 refert,
462 2975 483 3016 a
498 2950 720 3040 singularibus
734 2949 780 3016 ad
793 2951 965 3040 generalia
979 2951 1170 3035 adscendit,
1192 2974 1251 3020 ea·

137 3078 207 3144 que
229 3054 448 3146 singularium
468 3054 701 3142 exemplorum
727 3053 853 3121 auxilio
881 3062 958 3121 aute
978 3061 1250 3142 mentem·atque
1310 3095 1312 3100 ·

138 3158 257 3226 oculos
273 3157 444 3223 adducere
459 3167 607 3224 conatur.
623 3156 723 3224 ldeae
733 3159 832 3242 enirn,
843 3179 931 3245 quae
942 3179 1085 3247 poeseos
1094 3158 1250 3223 omuino-

138 3284 206 3349 que
216 3261 411 3351 pulmarum
425 3260 546 3325 artium
561 3259 721 3349 propriae
735 3269 827 3343 sunt,
853 3282 958 3377 quum
974 3258 1252 3348 comprehensio-

138 3387 198 3432 nes
218 3365 280 3430 sint
300 3383 434 3445 eorum,
460 3384 547 3450 quae
567 3369 703 3454 praeter
722 3362 893 3427 notionem
910 3361 961 3428 rei
973 3361 1008 3427 in
1020 3384 1156 3451 quaque
1169 3384 1251 3452 per-

139 3467 296 3573 ceptione
335 3464 462 3550 insunt,
501 3486 570 3532 non
604 3473 744 3556 possunt
779 3463 1048 3554 comprehendi
1060 3465 1250 3534 notionibus

139 3581 243 3658 atque
264 3568 425 3660 exprimi,
450 3567 510 3636 sed
531 3568 671 3636 indicari
685 3575 814 3636 tantum
839 3568 980 3655 debent,
1009 3579 1108 3659 atque
1135 3592 1251 3636 exem-

138 3674 206 3764 plis
223 3671 462 3758 demonstrari,
496 3696 565 3761 quo
594 3673 720 3740 animus
740 3667 987 3741 multitudinem
1000 3674 1095 3739 illam
1108 3672 1252 3739 varieta-

138 3787 277 3864 temque
291 3779 548 3866 perceptionum
559 3776 707 3866 amphus-
721 3777 899 3865 persequi,
924 3798 1141 3866 comparare,
1167 3795 1252 3839 con-

138 3881 279 3970 iungere
301 3889 413 3967 queat.
465 3880 504 3946 ln
523 3903 592 3968 quo
614 3879 755 3970 negotio
778 3881 826 3946 ob
842 3878 879 3944 id
892 3880 1018 3968 ipsum,
1045 3877 1141 3975 quod
1153 3877 1251 3945 certis

138 3983 331 4051 notionibus
351 3982 558 4068 destituitur,
590 3982 720 4051 iudicat
750 3981 945 4049 varietatem
978 3981 1073 4048 illam
1097 4001 1163 4069 pro
1194 4002 1252 4047 rs-

138 4088 250 4171 tione,
290 4109 359 4174 qua
382 4085 428 4150 ad
449 4084 559 4175 ipsam
580 4084 752 4154 iudicandi
770 4085 967 4154 facultatem
986 4093 1067 4172 apta
1085 4082 1126 4149 sit
1151 4084 1251 4172 atque

139 4189 412 4260 accommodata.
464 4188 552 4255 Eam
567 4211 647 4256 vero
661 4188 831 4257 iudicandi
848 4187 1013 4254 rationem
1027 4208 1157 4254 sensum
1171 4191 1252 4278 pul-

139 4293 313 4364 critudinis
330 4313 507 4365 vocamus:
532 4292 591 4381 qui
609 4300 811 4382 propterea,
843 4289 937 4379 quod
960 4289 1006 4358 ad
1027 4290 1128 4384 plura
1144 4293 1253 4383 perti-
