2826 4904
201 328 266 398 aaa
286 325 587 396 omnmsvrm
599 304 866 396 ossvs'cmra
877 325 1314 393 sauvauousaervu.

304 500 337 573 0
352 503 490 572 beatum
504 502 691 594 populum,
716 501 772 571 cui
788 501 865 569 talis
882 500 1037 570 divinitus
1056 500 1154 570 datus
1174 509 1224 570 est
1237 524 1317 572 rex:

201 629 224 676 o
239 608 372 676 beatam
387 607 584 691 saxoniam,
610 629 698 695 quae
717 628 835 699 regem
859 604 981 689 habet,
1007 605 1065 694 qui
1079 606 1200 674 melior
1212 615 1317 695 atque

201 711 364 779 excelsior
392 719 442 778 est
462 711 606 778 nominis
633 709 833 800 splendore,
879 730 997 801 regem
1031 732 1147 778 carum
1174 709 1316 795 civibus,

199 811 405 881 honoratum
438 813 572 893 exteris3
612 834 773 903 magnum
803 811 896 902 apud
927 811 1103 900 aequales,
1151 813 1317 881 maiorem

200 917 294 1008 apud
324 926 496 1006 posteros3
529 915 755 985 desideratum
786 914 986 998 viventibus,
1021 916 1104 982 nulli
1121 925 1318 984 accusatum

200 1019 294 1111 apud
316 1041 429 1087 manes
452 1028 677 1103 mortuorum,
711 1018 770 1085 ubi
795 1028 927 1109 sceptra
948 1017 1092 1104 eadunt,
1128 1028 1162 1085 et
1182 1019 1316 1086 infimus

151 1138 159 1146 ‘
198 1146 263 1214 par
283 1132 331 1190 est
353 1122 446 1213 regi3
477 1123 537 1190 ubi
554 1121 702 1190 iudicem
724 1120 873 1191 iudicant
891 1120 1057 1202 damnati,
1089 1129 1124 1188 et
1145 1122 1237 1190 caesi
1260 1123 1315 1191 ul-

201 1226 366 1295 ciscuntur
386 1225 590 1303 occisorem;
624 1226 684 1293 ubi
709 1225 884 1292 necessitas
908 1223 1071 1314 imperat,
1112 1233 1146 1292 et
1163 1234 1316 1293 aeterna

200 1338 275 1397 sunt
298 1327 469 1418 praemia,
499 1337 653 1396 aeternae
674 1348 817 1416 poenae.
870 1327 956 1395 Sero
976 1326 1022 1393 ad
1042 1325 1108 1393 hos
1128 1330 1316 1418 perveniat,

201 1433 256 1501 cui
270 1451 337 1497 non
354 1428 568 1499 formidabile
583 1439 632 1496 est
649 1452 841 1520 supremum
854 1430 935 1513 iter,
960 1451 1019 1498 rex
1035 1438 1164 1516 noster,
1191 1431 1317 1500 Fride-

199 1533 287 1602 rieus
306 1535 493 1624 Augustust
518 1554 619 1622 quem
641 1540 696 1617 tu,
722 1553 852 1600 summe
867 1530 967 1618 deus,
992 1533 1051 1621 qui
1072 1555 1179 1624 regna
1200 1535 1317 1602 tribuis

201 1646 235 1706 et
255 1635 392 1720 adimis,
425 1645 525 1724 atque
548 1635 684 1704 occulto
704 1635 836 1702 tramite
858 1656 993 1703 cursum
1015 1635 1133 1727 dirigis
1156 1637 1315 1724 latorum,

200 1739 258 1807 diu
273 1739 403 1806 salvum
415 1760 457 1807 ac
471 1734 630 1829 sospitem
644 1759 723 1807 cum
737 1737 826 1805 omni
843 1738 913 1807 eius
928 1748 1030 1828 geute
1047 1756 1217 1808 conserva.
1242 1741 1316 1811 Fae

200 1842 418 1910 saluberrima
438 1842 507 1908 eius
519 1842 666 1925 instituta
680 1863 723 1908 ne
736 1840 918 1910 concidant
934 1841 1085 1933 gentium
1099 1843 1213 1928 ruinis,
1240 1845 1317 1932 qui-

199 1946 264 2014 bus
279 1945 451 2012 universus
472 1952 636 2011 terrarum
658 1943 748 2010 orbis
768 1953 957 2032 quassatur3
981 1944 1057 2032 fae,
1081 1946 1166 2015 sicut
1186 1946 1248 2015 ille
1261 1971 1318 2015 sa-

199 2047 321 2141 pientis
341 2046 486 2135 iustique
507 2047 599 2137 regis
620 2048 812 2135 exemplum
835 2054 900 2130 est,
932 2046 979 2114 ita
999 2047 1040 2114 sit
1061 2047 1162 2116 etiam
1188 2049 1318 2132 felicis3

199 2150 257 2219 fac
287 2149 417 2218 illustre
451 2149 486 2216 in
513 2150 575 2217 illo
605 2150 846 2218 documentum
877 2158 983 2217 exstet
1014 2160 1092 2218 tuae
1128 2155 1317 2244 aequitatis,

199 2255 327 2342 diuque
356 2275 452 2321 carus
481 2273 561 2321 caro
587 2254 650 2320 sibi
679 2253 806 2320 intersit
829 2252 980 2343 populo:
1014 2251 1198 2342 mortisque
1221 2257 1317 2325 frena

199 2378 319 2441 caecos
334 2357 498 2447 impetus,
523 2365 562 2423 ut
577 2357 621 2424 ab
641 2367 756 2426 saneto
779 2356 848 2423 eius
868 2357 982 2446 eapite
1003 2355 1063 2424 diu
1082 2358 1197 2426 territa
1218 2383 1317 2431 rece-

199 2461 274 2547 dat,
300 2460 460 2528 aliorsum
484 2459 583 2528 iustas
605 2458 781 2529 effundens
805 2458 878 2526 iras.
1015 2487 1020 2495 ·
1054 2490 1059 2498 ·
1273 2490 1276 2497 ·
