2826 4904
453 120 502 182 lN
530 119 724 185 GRAECA
753 123 943 185 LINGVA.
1194 125 1257 192 155

140 303 254 368 mente
269 293 509 381 substituturus,
525 295 633 366 omitti
648 306 846 390 coeperunt.
871 297 944 366 Sed
958 298 1145 398 cuvepdum
1158 305 1208 366 est
1221 298 1255 366 in
1345 339 1358 360 a
1372 364 1376 371 .

139 401 210 470 hnc
221 400 262 468 re
276 419 497 490 magnopere,
510 422 553 468 ne
568 401 652 488 quis,
671 403 767 491 quod
781 401 879 470 multi
892 400 1055 489 fecerunt,
1065 402 1257 490 ibiquoque
1385 436 1387 443 ⁴

141 504 188 572 de
201 504 312 595 ellipsi
325 502 464 593 cogitet,
477 503 538 569 ubi
555 505 682 595 ellipsis
694 506 788 574 nulla
800 514 858 572 est
915 505 1008 574 Certi
1023 506 1114 574 enim
1130 505 1165 570 in
1186 501 1257 576 hoc

139 629 280 700 genere,
299 605 503 694 minimeque
525 605 619 675 dubii
639 617 714 677 sunt
733 609 816 676 fines
831 608 1009 700 ellipseoS,
1035 609 1063 676 si
1078 608 1152 698 quis
1164 616 1257 676 recto

140 711 288 778 animum
302 708 463 776 advertat.
498 709 637 801 Ellipsis
651 721 711 797 est,
725 712 929 801 ubicumque
948 711 984 779 in
999 711 1063 796 his,
1089 733 1178 801 quae
1193 711 1258 778 de·

138 813 337 884 scribendae
348 812 399 879 rei
407 833 521 893 caussa
532 815 644 904 posita
652 825 738 900 sunt,
749 814 1258 904 necessariadescriptionispars

139 916 246 985 deest
297 914 424 984 Deesse
439 924 553 983 autem
575 918 679 988 talem
708 918 937 1007 descriptionis
954 927 1085 1009 partem
1100 940 1189 985 nuuc
1205 939 1259 984 res

140 1020 215 1111 ipsa
228 1018 358 1109 arguit,
381 1027 418 1086 ut
440 1019 476 1086 in
493 1019 582 1106 hoc,
608 1015 655 1094 sd
668 1014 911 1117 ἐμβατήριοι,
937 1017 1102 1111 quiahoc
1117 1019 1256 1112 cognito

139 1120 294 1192 noudum
313 1131 460 1206 constat,
490 1147 645 1214 quaeres
664 1125 712 1192 ita
734 1125 957 1205 describatur3
981 1146 1257 1215 nunogrumme·
1339 1156 1343 1161 ·

139 1226 208 1296 tica
228 1225 313 1293 r'atio
335 1225 500 1312 ostendit,
524 1238 564 1295 ut
589 1228 623 1294 in
645 1227 698 1296 his
719 1223 741 1301 ὁ
762 1221 830 1323 τήν
850 1222 1035 1324 ιιιθιῖραν,
1068 1225 1092 1324 ἡ
1114 1225 1256 1321 αὔριον,

140 1351 286 1419 quorum
306 1328 341 1396 in
362 1329 477 1421 priore
500 1331 655 1422 exemplo
677 1331 887 1400 desideratur
904 1353 1045 1415 nomen,
1078 1330 1173 1418 quod
1198 1353 1257 1398 ca-

140 1456 234 1518 sum,
263 1433 323 1521 qui
337 1431 397 1501 hic
421 1434 550 1524 positus
565 1444 645 1519 est,·
658 1444 773 1526 regat3
796 1435 831 1501 in
845 1435 969 1520 altero,
994 1455 1100 1522 quum
1120 1432 1257 1500 femini-

139 1558 239 1621 num,
264 1558 334 1603 non
357 1546 513 1605 neutrum
532 1561 638 1631 genus
663 1520 854 1605 adhibitum
876 1539 936 1625 sit,
963 1545 1092 1608 eertum
1113 1535 1258 1626 intelligi

140 1637 396 1724 substantivum,
422 1640 527 1729 idque
542 1643 676 1734 generis
691 1640 851 1725 seminini,
873 1648 1025 1731 apparet
1078 1638 1259 1708 Caeterum

138 1740 210 1811 hoc
233 1764 370 1831 quoque
398 1743 528 1812 clarum
560 1754 626 1829 est,
659 1744 750 1811 hunc
777 1744 998 1815 necessariam
1024 1734 1270 1834 descriptionis
1337 1737 1341 1746 '

137 1855 290 1937 partem,
322 1847 358 1914 iu
386 1846 479 1916 cuius
506 1848 683 1917 omissione
708 1848 834 1938 ellipsis
855 1856 1021 1933 versatur,
1061 1869 1130 1915 non
1157 1867 1257 1937 posse
1319 1871 1324 1882 ·

138 1949 242 2017 uliam
256 1972 348 2034 esse,
372 1973 476 2039 quum
490 1938 602 2040 ipsum
618 1952 816 2021 subiectum.
866 1952 956 2019 Nam
976 1950 1056 2037 quia
1069 1950 1258 2016 subiectum
1387 2038 1390 2043 4

136 2051 285 2138 intelligi
306 2073 370 2140 per
390 2073 427 2117 se
439 2061 483 2118 et
508 2053 654 2143 cogitari
675 2061 805 2142 potest,
836 2073 958 2136 uerno,
992 2058 1257 2119 commemorato

135 2152 309 2238 subiecto,
361 2151 566 2220 desiderabit
600 2153 850 2244 praedicatum:
908 2159 1038 2236 contre
1059 2153 1258 2244 praedicato
1320 2199 1323 2205 ,

136 2256 269 2349 posito,
296 2256 376 2344 quia
395 2254 630 2345 praedicatum
647 2279 716 2324 non
736 2265 849 2348 potest
868 2279 932 2347 per
952 2279 988 2324 se
1008 2257 1170 2348 intelligi,
1195 2279 1258 2324 ne-

138 2359 282 2431 cessario
305 2357 534 2426 desideramus
558 2361 754 2428 subiectum.
814 2361 893 2428 Non
923 2367 976 2434 est
1006 2382 1090 2453 ergo
1119 2360 1256 2451 ellipsis,

138 2461 254 2533 ubiid
276 2482 419 2547 nomeu,
443 2461 563 2551 inquo
581 2473 630 2532 est
647 2465 697 2531 rei
714 2462 911 2555 descriptio,
937 2463 1020 2531 licet
1031 2466 1178 2532 formem
1189 2463 1326 2541 he-los

119 2568 221 2636 -beat
238 2565 411 2651 adieetivi,
436 2564 474 2633 id
496 2575 545 2634 cst
567 2566 771 2657 praedicati,
793 2554 847 2635 're
871 2578 984 2635 tamen
1006 2589 1072 2660 pro
1094 2567 1257 2654 subiecto,

138 2668 244 2736 idest
264 2668 367 2735 instar
387 2669 597 2756 substantivi,
629 2669 791 2754 habetur,
822 2671 892 2739 sive
911 2692 953 2741 ex
971 2694 1053 2762 usu,
1079 2671 1172 2739 utin
1192 2671 1257 2757 his,

141 2769 163 2844 o‘
179 2763 357 2867 ἐρώμενος
363 2826 378 2860 ,
404 2767 622 2872 ἡέραμὲιιη,
649 2773 718 2843 sive
733 2797 775 2843 ex
790 2775 839 2843 rei
854 2783 989 2858 natura,
1015 2784 1053 2843 ut
1069 2770 1089 2848 ὁ
1106 2773 1256 2863 δίκαιος,

138 2868 188 2946 ‘cd
207 2867 328 2947 καλόν.
379 2876 469 2942 Nam
493 2876 529 2943 in
551 2874 605 2945 his
631 2878 735 2969 plane
763 2876 849 2962 nihil
870 2878 1089 2970 intelligitur,
1122 2886 1258 2970 praeter

138 2975 176 3044 id
204 2976 333 3067 ipsum,
367 2977 462 3067 quod
485 2977 539 3047 his
552 2981 674 3069 serbis
700 2983 907 3065 continetur,
940 2981 976 3047 in
1003 2983 1126 3071 quibus
1152 3001 1259 3070 genus

137 3100 304 3169 personae
327 3082 403 3148 satis
423 3082 497 3171 i'psa
517 3084 692 3151 nominum
714 3083 826 3152 forma
845 3084 1022 3163 indicatur.
1080 3083 1259 3169 Frequen-

137 3182 263 3251 tissima
276 3181 365 3254 hnec
381 3187 467 3252 ratio
482 3195 547 3271 est,
562 3187 609 3258 ,in
620 3207 747 3276 genere
761 3195 900 3272 neutro,
924 3185 960 3252 in
974 3207 1043 3277 quo
1057 3188 1116 3276 qui
1128 3185 1259 3275 ubique

137 3285 271 3381 μέρος,
309 3287 480 3382 πρᾶγμα,
515 3287 639 3386 χρῆμα
672 3289 879 3380 intelligunt,
919 3312 988 3358 non
1014 3291 1122 3358 minus
1151 3290 1260 3382 inepti

138 3397 230 3474 sunt,
257 3411 360 3477 quam
381 3390 441 3480 qui
456 3398 585 3485 γαμεῖν
603 3401 637 3460 et
650 3399 855 3498 γαμεῖσθαι
877 3414 942 3484 per
957 3395 1091 3486 ellipsin
1111 3393 1179 3462 dici
1189 3415 1257 3481 pu-

136 3500 211 3561 tant
230 3500 445 3586 proruperit
464 3501 636 3586 γυναῖκα,
662 3502 865 3589 γαμεῖσθαι
893 3492 1007 3594 ἀνδρί.
1058 3498 1106 3567 Et
1131 3495 1171 3563 hi
1191 3518 1258 3583 qua

135 3594 278 3664 taudem
297 3597 406 3689 ellipsi
424 3599 505 3665 talia
532 3600 766 3690 explicabunt,
799 3609 838 3668 ut
853 3593 899 3673 ud
918 3597 983 3690 ed,
1024 3594 1071 3673 τό
1090 3591 1258 3693 gulosae?
1284 3650 1290 3657 -

135 3698 250 3767 Immo
270 3721 377 3791 genus
396 3711 551 3769 neutrum
569 3704 604 3769 in
627 3703 763 3772 Graeco
784 3705 918 3795 lingua,
941 3705 1031 3772 utin
1050 3704 1121 3770 uliis
1136 3702 1259 3793 linguis

137 3802 312 3888 omuibus,
338 3805 389 3870 rei
407 3805 609 3873 indicandae
630 3806 782 3890 inservit,
807 3830 911 3894 quum
926 3816 983 3873 aut
1001 3808 1175 3890 nolumus,
1202 3814 1260 3873 aut
1360 3838 1364 3845 ·

135 3926 207 3973 nou
217 3924 394 3997 possumus
410 3907 530 3975 clarius
543 3908 745 3977 describere.
798 3909 903 3994 Quod
915 3909 942 3976 si
954 3908 1122 3978 interdum
1135 3909 1258 4004 μέρος,

136 4008 292 4105 πρᾶγμα
299 4002 327 4097 ,,’
338 4009 462 4106 χρῆμα
486 4009 602 4078 additu
618 4014 846 4103 reperiuntur,
868 4012 906 4079 id
929 4033 998 4080 nou
1014 4020 1063 4079 est
1077 4035 1260 4104 argumen-

136 4120 192 4197 to,
218 4113 279 4182 ubi
292 4112 381 4184 haec
395 4113 531 4183 nomine
545 4115 670 4202 absim,
689 4118 810 4185 omissa
833 4138 921 4199 esse,
947 4113 1007 4183 sed
1023 4115 1131 4210 magis
1147 4123 1259 4186 osten-
