2826 4904
195 109 248 169 ΒΕ
269 109 412 171 ELLlPSl
435 108 484 170 ΕΤ
504 109 736 174 PLEONASMO
757 108 797 172 lli
811 111 974 175 GRAECA
994 113 1150 176 LINGVA.
1192 118 1256 182 14⁹

141 281 341 373 pleonasmo
367 280 522 352 Graecae
546 284 682 375 linguae
702 274 827 352 tradito
844 293 931 353 sunt.
981 284 1075 370 Quas
1103 283 1257 380 disputo-

142 387 249 453 tiones
271 387 331 475 qui
345 387 530 454 accuratius
551 386 755 471 consideret,
779 387 807 454 is
828 390 1081 479 propemodum
1100 412 1143 458 eo
1162 389 1256 457 redi-

143 497 245 582 gatur
263 511 400 558 necesse
418 498 484 575 est,
517 498 555 556 ut
581 489 728 574 dubitet,
753 499 866 558 utrum
880 493 1006 582 ellipsis
1019 493 1079 577 sit,
1103 493 1163 561 ubi
1187 513 1256 558 non

144 601 194 659 est
224 590 456 681 pleonasmus,
506 615 549 659 an
574 593 806 682 pleonasmus,
839 594 899 663 ubi
930 615 1000 662 non
1034 603 1085 662 est
1120 595 1254 685 ellipsis.
1323 581 1328 599 ’

142 693 243 762 Adeo
262 717 306 761 ne
320 716 408 763 nunc
423 695 561 783 quidem
577 705 705 765 certum
720 705 769 763 est
788 705 889 785 atque
913 699 1141 788 exploratum,
1167 721 1256 786 quae

142 797 187 864 sit
204 797 330 865 horum
345 798 517 866 nominum
529 799 578 866 vis
594 809 628 866 et
642 799 852 891 significatio.
892 799 1006 889 Atque
1021 809 1058 867 ut
1075 800 1125 887 lit,
1151 823 1256 890 quum

143 899 339 969 difficiliora
361 901 424 967 sint
444 924 505 988 ea,
538 924 625 990 quae
647 904 735 970 iusto
759 902 909 988 brevius,
941 926 1043 992 quam
1068 924 1256 991 quaecum

142 1003 292 1091 quadam
316 1003 473 1071 orationis
494 1006 698 1073 abundantia
724 1005 897 1091 dicuutur,
927 1007 1039 1096 primo
1068 1005 1114 1074 dc
1145 1007 1257 1099 ellipsi

143 1106 331 1194 quaesitum
346 1114 414 1191 est,
440 1109 643 1197 comparatis
659 1107 746 1175 inter
760 1131 797 1176 se
812 1118 962 1176 veterum
985 1109 1184 1200 scriptorum
1199 1111 1255 1178 lo-

142 1209 213 1295 eis,
243 1210 303 1298 qui
326 1210 465 1300 plenam
488 1210 697 1295 viderentur,
737 1212 864 1301 quique
892 1235 1045 1282 mancam
1070 1213 1256 1280 orationem
1371 1230 1375 1247 ⁸

141 1309 280 1380 habere.
332 1312 413 1382 Visa
426 1313 514 1382 haec
527 1337 580 1383 res
595 1323 644 1382 est
659 1313 779 1405 pulcre
794 1314 998 1406 procedere:
1020 1316 1138 1404 itaque
1153 1337 1257 1406 prae-
1350 1359 1353 1368 ·

142 1423 193 1481 ter
215 1416 298 1482 alios
319 1416 464 1484 maxime
482 1417 683 1486 lambertus
705 1418 841 1503 Rosius,
866 1418 1033 1509 insignem
1050 1416 1144 1487 hunc
1166 1426 1257 1486 ratus

144 1519 362 1607 explicandae
385 1520 539 1590 Graecae
555 1520 693 1611 linguae
714 1520 843 1587 fontem
858 1542 948 1606 csse,
971 1528 1063 1588 tanto
1080 1518 1193 1588 studio
1210 1520 1257 1588 ad

141 1620 388 1712 investigandas
424 1622 560 1713 ellipses
597 1623 758 1690 excitatus
797 1631 863 1708 est,
913 1633 952 1691 ut
984 1623 1059 1692 fere
1089 1623 1257 1713 quidquid

142 1722 277 1793 Graeca
294 1724 412 1815 lingua
427 1724 634 1794 difficultatis
646 1724 804 1811 haberet,
831 1726 943 1815 aliqua
958 1727 1069 1818 ellipsi
1088 1725 1255 1795 adhiben-

142 1826 188 1894 da
218 1836 354 1920 putaret
376 1828 624 1922 expediendum
643 1851 725 1897 esse.
784 1827 889 1898 Cuius
907 1831 971 1898 viri
994 1852 1134 1916 nomen,
1168 1830 1254 1898 invi-
1303 1867 1307 1873 ·

138 1938 232 1998 tante
247 1930 348 1998 etiarn
367 1932 418 1999 rei
429 1932 607 2017 facilitate,
633 1933 718 2001 alios
739 1933 845 1999 movit
861 1933 1045 2022 plurimos,
1070 1941 1109 1999 ut
1131 1931 1255 2000 eodem
1367 2020 1371 2028 ’

137 2032 205 2121 ipsi
226 2053 364 2120 quoque
387 2055 529 2122 operam
546 2034 744 2102 conferrent
772 2055 883 2116 suam,
916 2033 1027 2102 donec
1046 2055 1157 2123 nuper
1178 2033 1256 2102 Go-

140 2133 232 2226 dofr.
264 2133 371 2200 Henr.
404 2133 624 2220 Schaeferus,
655 2135 706 2202 vir
727 2133 1110 2221 contremescamus
1137 2157 1257 2208 eorum

136 2237 285 2327 impetus
296 2236 449 2326 plurimis
462 2239 497 2305 in
518 2236 603 2306 locis
621 2239 832 2328 compescuit
852 2247 886 2305 et
908 2239 953 2307 ad
969 2239 1135 2308 saniorem
1149 2239 1254 2306 ratio-
1353 2266 1361 2281 ·

138 2363 217 2408 nem
231 2339 411 2436 revocavit.
463 2341 533 2424 Qui
553 2340 605 2408 vir
625 2363 749 2430 quum,
774 2364 841 2431 qua
863 2352 913 2409 est
939 2341 1255 2434 Graecaexlinguae
1332 2334 1338 2352 “

138 2443 271 2534 peritia,
294 2441 412 2526 multa,
438 2464 526 2531 quae
543 2445 587 2511 ab
609 2445 677 2510 istis
692 2466 756 2533 per
772 2444 905 2534 ellipsin
924 2444 1091 2534 explicata
1109 2445 1254 2531 fuerant,

139 2547 184 2613 ab
205 2544 297 2613 omni
311 2544 422 2636 ellipsi
436 2569 543 2616 vacua
564 2549 636 2642 esse
657 2548 880 2640 intelligeret,
904 2548 1029 2616 vellem
1049 2556 1163 2616 tamen
1185 2571 1255 2616 non

138 2647 197 2717 lric
216 2649 288 2717 illic
305 2648 341 2714 in
353 2649 492 2740 singulis
506 2651 672 2718 erroribus
689 2638 843 2719 notandis
863 2672 1005 2741 operam
1027 2650 1253 2742 impendisset,

138 2751 211 2839 sed,
236 2750 331 2840 quod
345 2760 449 2842 caput
463 2762 512 2820 est
525 2755 586 2838 rei,
599 2754 634 2820 in
650 2753 839 2824 universum
853 2754 1059 2840 ostendisset,
1073 2755 1157 2844 quid
1169 2763 1305 2826 essetilll

139 2854 275 2944 ellipsis,
289 2863 323 2922 et
338 2877 513 2944 quousque
527 2848 610 2926 usus
621 2857 689 2926 eius
704 2865 847 2948 pateret.
875 2856 981 2941 Quod
994 2857 1055 2926 illo
1068 2858 1096 2925 si
1109 2856 1253 2942 fecisset,

137 2979 207 3024 non
220 2956 325 3025 modo
340 2957 446 3050 longe
464 2959 596 3027 facilius
608 2961 818 3050 superiorum
828 2959 1125 3048 errorespotuisset
1139 2960 1253 3048 aperi-

137 3083 187 3144 re,
203 3059 262 3128 sed
278 3061 351 3151 ipse
367 3063 468 3129 etiarn
480 3061 542 3128 sibi
555 3064 707 3146 cavisset,
731 3085 786 3146 ne,
800 3061 895 3150 quod
911 3061 1080 3128 interdum
1093 3061 1137 3127 ab
1151 3083 1193 3128 eo
1204 3069 1254 3129 est

137 3164 282 3247 facturn,
308 3171 367 3230 aut
378 3163 506 3230 nnllam
527 3185 602 3231 esse
617 3164 833 3232 contenderet
846 3162 989 3253 ellipsin,
1005 3185 1183 3251 quaerere
1200 3164 1253 3232 el-

136 3267 230 3357 lipsis
245 3274 312 3351 est,
340 3275 397 3333 aut
409 3290 503 3353 eam,
528 3289 616 3355 quae
629 3267 722 3335 nulla
741 3274 809 3350 est,
834 3264 1076 3334 admittendam
1091 3277 1248 3337 censeret.
1346 3278 1348 3283 '

136 3370 272 3437 Eodem
287 3368 392 3436 modo
406 3393 460 3438 res
478 3379 552 3439 acta
573 3379 622 3438 est
645 3371 681 3439 in
693 3370 901 3460 pleonasmo.
953 3369 1059 3454 Quod
1076 3379 1252 3462 optaverat

136 3471 423 3561 Wyttenbachius·
453 3496 489 3564 p.
514 3469 592 3539 415
623 3473 668 3542 ud
697 3473 854 3563 Eclogas
873 3472 1068 3557 historicas,
1114 3481 1152 3538 ut
1183 3470 1250 3539 hos

135 3596 292 3664 quoque,
318 3574 605 3664 quemadmodum
630 3577 752 3644 Bosius
775 3576 927 3666 ellipses,
969 3575 1088 3662 aliquis
1117 3584 1251 3664 pertra-

137 3687 260 3762 ctaret,
286 3677 324 3744 id
344 3679 459 3748 facere
477 3679 614 3746 tandem
642 3688 780 3747 conatus
802 3687 852 3746 est
874 3677 969 3745 Beni.
992 3675 1177 3762 Weisldus,
1200 3678 1252 3744 vir

135 3781 265 3849 subtilis
276 3781 411 3867 iudicii,
437 3782 529 3850 edito
544 3782 631 3848 libro
653 3782 704 3849 de
718 3782 873 3850 Graecae
882 3782 1022 3870 linguae
1038 3780 1249 3870 pleonasmis.
1381 3823 1388 3835 x

134 3885 205 3956 Hic
229 3906 310 3952 vero
326 3890 431 3973 quum
445 3884 602 3952 latissime
622 3894 740 3974 patere
758 3882 1078 3973 nomenpleonasmi
1098 3883 1251 3950 animad-

136 3988 303 4072 vertisset,
330 3987 454 4057 callide
475 4011 552 4055 eam⁴
571 3988 684 4077 posuit
703 3986 952 4075 definitionem,
977 4007 1066 4074 quae
1083 3984 1148 4054 hos
1174 3998 1248 4056 ten-

137 4100 243 4177 tum,
270 4091 330 4180 qui
352 4080 472 4163 iniuria
500 4090 690 4182 pleonasmi
712 4089 933 4172 haberentur,
977 4089 1249 4181 comprehende-
