2826 4904
181 333 247 404 202
459 329 518 391 DE
546 327 781 391 DIALECTO
811 325 1009 389 utuntur

183 513 250 575 star
271 501 420 571 omnium
442 501 639 572 Heraclides
660 502 819 573 Ponticus
847 499 943 593 apud
964 498 1179 568 Athenaeum
1201 498 1286 568 XIV

182 631 218 700 p
234 603 320 680 624
342 605 386 673 D.
406 604 459 672 hrs
472 604 597 674 verbis
622 605 728 726 ημεν
740 601 806 678 ουν
821 599 1011 700 Δωριος
987 629 1146 696 αρμονια
1160 629 1205 672 το
1222 629 1287 673 αν

89 752 94 759 ’
184 708 314 804 δροίδις
329 706 514 827 ίμιραίνει,
540 709 599 778 καί
622 733 666 777 το
658 700 975 828 μεραλοπριπίς
977 704 1035 775 ναί
1057 729 1100 776 ou
1092 699 1287 793 ’διακεχυ-

181 815 313 907 μένον,
355 805 439 881 οὐδ
469 802 613 905 ἱλαρόν,
654 804 745 882 oillei
781 798 996 926 σκυθρωπόν
1025 805 1084 878 καί
1116 800 1287 900 σφοδρόν,

184 912 271 988 οὔτε
290 913 329 984 δι’
348 911 537 1033 ποικίλον,
559 910 643 983 orire
659 905 901 1007 πολύτροπον.
929 903 1026 981 τοδί
1041 907 1115 980 coir
1130 908 1288 980 Αἰολέων

183 1011 317 1112 ἦθος
296 1041 369 1105 εχει
396 1007 439 1085 ιδ
467 1013 625 1136 γῌαῦρον
631 1012 690 1084 καί
714 1011 935 1104 ὀγκῶδες,
913 1038 969 1085 οτι
997 1006 1091 1084 dd
1068 1002 1288 1097 υπόχαανον

71 1164 74 1171 ·
184 1115 368 1245 ὁμολογοῖ
373 1116 543 1188 δὲταῦτα
559 1121 638 1194 ταῖς
655 1114 912 1212 ἱπποτροφίαις
929 1109 1051 1184 αὐτοῖν
1068 1139 1126 1182 ναι
1119 1109 1290 1194 ξενοδο-

183 1218 297 1309 χίαις·
324 1213 368 1290 ου’
384 1219 588 1309 πανοῦργον
611 1218 668 1297 δὲ,
696 1213 789 1291 οἷλλα
814 1219 1006 1340 ἐξηρμένον
1026 1242 1085 1285 ναι
1078 1213 1290 1333 ’τεθαρρη-

183 1316 252 1401 ιός
303 1313 363 1391 διο
383 1317 441 1389 καί
464 1313 598 1391 οιίιιίιίν
619 1322 718 1390 ἐστιν
741 1315 865 1400 αὐτοῖς
890 1317 910 1406 ἡ
941 1314 1138 1413 φιλοποσία
1163 1317 1225 1387 καί
1246 1342 1290 1387 τα

183 1414 358 1518 ἐρωτικοί,
385 1420 444 1492 καί
463 1421 562 1492 ποίσα
585 1449 605 1517 η
623 1448 703 1515 περι
720 1415 787 1517 τήν
805 1418 992 1496 δίαιταν
967 1444 1095 1498 ανοσις.
1148 1418 1290 1509 Lydiam

182 1523 384 1600 Plutarchus
403 1523 447 1590 de
466 1524 649 1613 musicap.
670 1522 781 1591 1136.
807 1526 849 1593 Β.
881 1547 903 1590 a
932 1521 1104 1590 Platone
1094 1543 1130 1588 m
1151 1522 1211 1589 lib.
1234 1521 1290 1592 111.
1311 1525 1314 1534 “

183 1626 229 1695 (1ο
247 1649 318 1717 rep.
341 1625 552 1715 repudiatam
574 1649 645 1693 csse
664 1627 793 1710 scribit,
820 1620 985 1721 ἑπειδηο
965 1620 1063 1706 ὀξεῖα
1083 1622 1145 1695 ναί
1165 1617 1288 1744 ἐπιτή-

183 1732 276 1808 dator
291 1754 388 1825 προς
404 1728 552 1823 θρῆνον.
604 1729 702 1798 Plato
725 1730 787 1796 isto
806 1729 886 1797 loco
915 1752 949 1819 p.
962 1725 1054 1795 ’.389
1079 1727 1124 1794 Ε.
1149 1718 1291 1822 θρηνοί

181 1834 253 1911 decc
274 1854 344 1898 esse
365 1829 446 1899 dicit
465 1830 674 1916 harmonias,
706 1854 794 1921 quae
815 1826 1039 1949 μιξολυδιστὶ
1062 1838 1096 1898 et
1117 1853 1291 1901 συντονο-

182 1932 325 2005 λυδιστὶ
342 1935 562 2001 vocabantur.
596 1956 676 2001 mox
697 1945 810 2003 autem
832 1925 996 2027 μαλακοῖς
1016 1940 1050 2000 et
1073 1955 1293 2024 σομποτιιας

180 2028 400 2124 appellat
354 2061 422 2129 την
445 2030 560 2108 Ἰαστί
583 2035 641 2105 ναί
668 2035 842 2119 Λυδιστί,
878 2042 1012 2114 αἵτινες
1038 2031 1193 2128 χαλαραὶ
1224 2059 1291 2103 να-

180 2136 342 2210 λοῦνται.
396 2137 529 2207 Plura
520 2162 555 2204 m
575 2137 665 2207 hanc
685 2162 757 2207 rem
784 2161 889 2226 quum
911 2158 953 2204 ex
974 2137 1046 2203 aliis
1069 2134 1291 2226 scriptoribus,

180 2247 251 2312 tum
273 2262 314 2308 ex
336 2239 397 2307 illo
416 2240 593 2310 Plutarchi
614 2241 703 2312 libro
725 2242 769 2309 de
784 2241 911 2314 musica
930 2240 1047 2331 colligi
1070 2247 1218 2330 possent.
1244 2238 1293 2306 Ex

182 2342 304 2411 eodem
335 2342 442 2428 libro,
474 2345 616 2413 manime
635 2367 671 2434 p.
698 2343 810 2416 1143.
847 2343 1100 2433 cognoscimus,
1136 2341 1173 2410 id
1203 2339 1291 2428 quod

182 2445 283 2513 etiam
303 2455 423 2536 sponte
437 2455 571 2537 poterat
586 2448 746 2540 intelligi,
773 2447 845 2514 aliis
868 2446 1049 2514 harmoniis
1070 2444 1154 2513 alios
1177 2465 1292 2512 uume-

180 2570 236 2616 ros
267 2549 375 2638 aptari
399 2550 512 2617 solitos
539 2550 650 2619 fuisse.
702 2549 761 2618 ud
783 2572 885 2643 quem
910 2550 1014 2617 finem
1038 2546 1292 2638 philosophiam

182 2650 398 2769 commendat
420 2653 622 2724 Plutarchus
638 2676 691 2774 p.
715 2650 827 2726 1142
858 2653 901 2725 D.
935 2649 1026 2749 αὕτη
1055 2644 1147 2746 reip,
1179 2647 1291 2740 inquit,

183 2745 288 2848 ικανῆ
302 2778 421 2847 νριναι
435 2781 478 2826 το
495 2757 654 2852 μουσικῇ
668 2758 804 2851 πρέπον
820 2755 958 2848 μέτρον
972 2753 1031 2826 καί
1045 2780 1089 2825 το
1105 2747 1291 2848 χρήσιμον

179 2852 280 2923 Haec
300 2875 437 2941 quoque
462 2878 514 2922 res
546 2830 657 2924 multis
679 2867 795 2949 posset
812 2867 964 2925 veterum
993 2855 1195 2945 scriptorum
1215 2854 1292 2923 locis

138 2972 141 2981 ’
180 2954 385 3024 confirmari:
412 2957 457 3023 de
480 2956 633 3047 pleniore
661 2968 774 3027 tamen
792 2961 861 3026 eius
882 2960 1093 3052 cognitione,
1118 2959 1182 3026 nisr
1170 2959 1292 3048 plura

180 3066 332 3126 veterum
347 3060 550 3128 musicorum
566 3061 688 3150 scripta
707 3062 742 3129 in
756 3062 869 3132 lucem
887 3061 1144 3151 protrahantur,
1172 3061 1292 3151 despe-

180 3184 301 3234 ramus.
332 3161 464 3250 Quare,
490 3163 573 3251 quid
597 3165 787 3235 coniectura
804 3165 894 3235 effici
907 3166 1028 3255 possit,
1055 3165 1292 3254 experiendum

183 3273 242 3333 est.
274 3265 379 3349 Quod
400 3265 427 3333 si
446 3266 480 3333 in
500 3267 644 3335 numeris
664 3267 802 3336 Pindari
818 3267 939 3337 eadem
959 3267 1130 3335 diversitas
1147 3267 1292 3338 invenie-

181 3374 252 3451 tur,
278 3391 366 3456 quae
382 3378 433 3439 est
445 3369 531 3438 inter
550 3372 624 3448 illas
639 3380 705 3440 tres
723 3371 930 3454 harmonias,
956 3393 997 3438 ex
1010 3371 1155 3437 numeris
1178 3368 1294 3437 coniici

183 3470 324 3558 poterit,
358 3494 446 3559 quae
476 3474 634 3561 cuiusque
669 3475 822 3544 carminis
854 3472 955 3541 fuerit
982 3473 1168 3543 harmonia.
1212 3472 1293 3540 Inde

135 3583 283 3658 IDvero,
309 3596 397 3661 quae
411 3577 555 3644 maxime
577 3577 827 3667 slbi‘dissimiles
843 3587 918 3654 sunt
935 3576 1144 3659 harmoniae,
1169 3575 1293 3644 DorIca

183 3683 217 3745 et
228 3676 388 3760 Aeolica,
415 3677 515 3743 etiam
531 3700 608 3746 cum
627 3678 761 3747 dialecti
781 3680 929 3769 quadam
950 3678 1142 3747 diversitate
1155 3680 1292 3747 coniun-

182 3787 251 3848 ctas
272 3778 373 3847 fuisse
393 3801 461 3846 non
483 3780 648 3847 immerito
673 3783 923 3873 suspicabimur.
968 3785 1023 3850 Ac
1037 3781 1145 3849 maior
1158 3782 1292 3850 Pindari

181 3881 365 3957 carminum
383 3904 462 3973 pars
478 3905 633 3950 numeros
656 3883 761 3953 habet
782 3910 801 3953 e
823 3885 963 3974 dactylis
979 3894 1013 3952 et
1027 3884 1198 3953 trochaeis
1218 3904 1290 3954 cum

180 3984 333 4079 spondeo
362 3985 597 4053 alternantibus
626 3989 761 4057 mixtos:
799 3988 894 4076 quod
919 4011 1026 4080 genus
1056 3989 1101 4055 ob
1128 3987 1290 4081 insignem

105 4095 110 4109 “
181 4086 380 4177 gravitatem
396 4089 514 4156 eximie
523 4092 682 4158 convenit
701 4091 847 4158 Doricae
865 4091 1072 4159 harmoniae.
1098 4090 1233 4179 ldque
1225 4110 1292 4184 rpse

180 4188 285 4278 poeta
312 4189 439 4259 indicat
465 4191 607 4260 01.111.
640 4190 674 4259 9.
701 4195 831 4268 Μοῖσα
862 4190 897 4266 δ”
923 4192 1018 4267 οὕτω
1050 4219 1122 4264 τοι
1119 4196 1291 4318 Ι’παρεοτα

183 4316 251 4386 μοι
265 4291 473 4388 νεοσίγαλον
492 4292 638 4394 εὐροντι
653 4293 791 4394 τρόπον
807 4296 939 4396 Δωρίῳ
958 4321 1082 4396 purus
1098 4291 1292 4397 ἐναρμόξαι
