2826 4904
183 318 247 381 σῃ
577 311 891 387 orssrerurro

183 487 363 658 lociissqui
383 485 473 555 solus
494 494 562 570 est,
593 486 716 577 inquo
737 485 801 581 μὶν
824 509 890 577 pro
912 485 930 557 ’ἑ
951 485 1079 554 dictum
1100 472 1294 568 inveniatur,

185 597 217 664 d.
319 642 327 658 .

261 705 376 786 αὐτόν
388 704 455 803 ’μιν
470 707 640 806 πληγῇσιν
664 703 856 803 ἀεικελίῃσι
873 700 1069 800 δαμάσσας.
1182 698 1185 703 ¹

185 848 230 918 de
252 870 319 938 quo
340 847 418 916 loco
432 846 510 916 vide
524 845 686 937 Apollon
700 866 735 935 p.
754 840 847 928 144,
874 842 933 910 32.
954 838 1048 928 145,
1075 840 1134 908 21.

714 1046 774 1117 lx.

494 1182 580 1272 Ἐγώ
608 1180 727 1263 αὐτός,
758 1180 857 1260 αὐτός
888 1179 960 1267 ἐγώ.

285 1346 383 1414 Haec
403 1345 539 1434 quidem
559 1344 602 1412 de
620 1344 672 1411 his
692 1344 795 1427 locis,
824 1343 857 1408 in
876 1343 997 1431 quibus
1016 1364 1206 1433 pronomen
1223 1339 1294 1431 αὐ,-

182 1443 245 1532 ιὸς
262 1450 471 1541 reciprocam
494 1448 771 1538 significationem
790 1445 915 1527 habet,
945 1445 1160 1534 eiusdemque
1176 1469 1296 1537 pereo-

182 1576 246 1622 nae
260 1562 327 1637 est,
354 1552 444 1620 cuius
461 1552 610 1618 verbum.
661 1548 781 1616 Media
800 1547 968 1637 quaedam
989 1552 1075 1616 ratio
1098 1550 1184 1616 inter
1206 1547 1296 1618 hanc

182 1665 216 1726 et
235 1657 345 1741 illam,
378 1677 482 1743 quum
511 1674 699 1745 pronomen
731 1651 814 1717 alius
839 1673 1002 1741 personae
1025 1675 1128 1740 quam
1154 1655 1294 1722 verbum

181 1769 248 1845 est,
286 1760 322 1825 in
354 1757 557 1825 nominativo
587 1756 724 1827 obtinet.
784 1753 824 1821 ln
852 1752 921 1822 hoc
949 1777 1074 1846 genero
1112 1756 1139 1822 si
1173 1770 1294 1847 perso-

180 1885 245 1930 nae
264 1860 525 1952 distinguuntur,
559 1857 735 1948 praecedit
755 1878 945 1949 pronomen
968 1859 1163 1947 personale:
1195 1858 1291 1932 Iliad.

263 2055 403 2160 ,μήτηρ
415 2057 464 2145 θ’,
483 2060 507 2156 ἦ
519 2088 585 2153 μιν
600 2061 719 2135 ἔτικτε
734 2055 979 2157 δυςσλμμορος,
1005 2057 1067 2158 ἠδ’
1079 2055 1158 2158 Ιἐγώ
1172 2057 1292 2147 αὐτός.

179 2204 237 2273 sic
253 2222 292 2296 ψ.
307 2195 394 2269 415.
409 2194 496 2267 579.
523 2197 643 2288 Odyss.
661 2204 696 2289 β.
721 2195 807 2267 194.
825 2206 851 2283 ζ.
874 2194 959 2264 126.
973 2206 1012 2269 θ.
1029 2197 1114 2268 391.
1130 2195 1173 2273 ori
1186 2195 1215 2293 γ’
1231 2198 1296 2274 αι’·

179 2301 228 2399 τη*
247 2335 280 2378 τ.
304 2302 390 2372 121.
425 2301 484 2370 Sin
501 2301 671 2393 oppositio
692 2322 760 2367 non
781 2311 850 2368 tam
869 2323 1086 2391 personarum
1104 2312 1167 2389 est,
1195 2327 1297 2392 quam

179 2407 274 2498 quod
294 2409 367 2498 ipse
390 2406 526 2493 reliquie,
551 2428 620 2472 non
642 2427 720 2472 cum
734 2404 822 2488 aliis,
849 2412 906 2472 aut
920 2427 983 2494 per
1002 2406 1105 2492 aliur,
1138 2416 1196 2476 aut
1210 2431 1297 2497 quo-

180 2532 326 2599 cumque
353 2508 459 2577 modo
488 2509 568 2576 talia
596 2518 707 2575 mente
738 2506 987 2597 concipiantur,
1028 2510 1156 2600 aliquid
1183 2510 1297 2597 saciat,

129 2660 132 2664 ι
182 2608 291 2694 αὐτός
305 2613 454 2704 priorem
469 2612 583 2681 locum
596 2619 697 2680 tenet.
748 2610 847 2682 iliad.
866 2638 896 2683 o.
915 2608 1000 2678 234.

283 2754 405 2821 κεῖθεν
422 2743 458 2821 δ’
479 2741 590 2828 ariade
607 2740 676 2840 e'yoi
687 2739 878 2845 φράσομαι
894 2747 999 2843 ἔργον
1015 2777 1057 2823 τε
1069 2750 1152 2832 ἔπος
1167 2780 1219 2826 σε.

181 2886 240 2955 Sic
253 2910 291 2955 π.
309 2881 395 2950 239.
410 2902 451 2976 ψ.
466 2881 552 2948 244.
569 2881 690 2973 Odyss.
707 2880 747 2956 3.
766 2878 841 2949 356
858 2887 887 2957 λ.
904 2881 989 2953 598.
1012 2915 1044 2960 r.
1061 2886 1147 2955 591.
1162 2915 1195 2959 o.
1212 2886 1297 2957 263.

182 3017 220 3082 φ.
240 2983 327 3053 113.
350 2983 435 3051 261.
459 3004 499 3078 ψ.
524 2981 609 3051 357.
634 3013 671 3057 ω.
697 2983 782 3052 321.
803 2982 891 3059 445.
918 2985 1028 3070 αὐτοὶ
1047 2992 1154 3083 ἔγωγε
1181 2991 1299 3081 hymn.

180 3089 289 3159 Mero
306 3084 393 3159 496.
412 3079 506 3181 αὐτή
519 3079 587 3179 e'yoi
611 3085 681 3169 od.
698 3114 731 3158 τ.
756 3082 843 3155 255.
869 3086 965 3187 arico*
986 3087 1032 3166 ud
1054 3098 1085 3167 d.
1109 3091 1196 3162 395.
1224 3092 1296 3168 αύ-

182 3186 245 3274 σός
262 3188 367 3272 οὗτος
387 3189 422 3256 h.
440 3188 550 3263 Mero.
567 3187 652 3257 346.

171 3364 179 3371 ,
286 3295 362 3363 Alia
389 3292 536 3382 denique
560 3294 656 3391 *ratio
679 3302 731 3362 est
755 3295 890 3363 illorum
918 3296 1089 3384 locorum,
1122 3302 1301 3391 inquibus

181 3420 372 3489 pronomen
386 3396 431 3463 dc
448 3398 513 3463 alia
525 3420 671 3487 persona
685 3405 751 3483 est,
777 3421 880 3486 qnam
897 3398 942 3467 de
962 3424 1030 3490 qna
1043 3405 1183 3471 verbum
1198 3406 1300 3472 intel-

182 3501 308 3592 ligitur.
359 3500 475 3586 Aqua
491 3498 716 3590 disputatione
738 3502 944 3593 segregandi
965 3504 1039 3572 sunt
1059 3505 1146 3592 loci,
1172 3508 1206 3575 in
1224 3509 1300 3597 qui-

182 3604 245 3671 bus
272 3602 405 3695 singula
427 3603 627 3692 pronomina
649 3604 694 3670 ad
716 3604 781 3671 alia
801 3605 905 3673 verba
924 3607 1123 3695 referuntur,
1149 3619 1187 3678 nt
1202 3611 1300 3679 lliad.

182 3733 214 3779 ιι.
241 3705 327 3773 242.

135 3834 179 3896 57
288 3828 323 3898 εἰ
338 3825 407 3919 μὲν
423 3816 468 3920 (λη’
493 3816 625 3920 ἕταρόν
646 3852 687 3917 γε
700 3819 866 3910 κελεύετέ
877 3824 916 3921 μ’
931 3824 1046 3904 odedu
1061 3831 1226 3921 ἑλέσθαι,

182 3984 287 4052 quem
314 3963 429 4031 locum
449 3961 562 4053 attigit
583 3962 786 4055 Apollonius
813 3989 849 4055 p.
878 3963 969 4052 144,
996 3963 1056 4035 25.
1108 3967 1181 4037 Sed
1196 3948 1300 4057 quum

182 4076 363 4155 utrumque
385 4087 575 4156 pronomen
591 4066 636 4131 ad
651 4089 755 4135 unum
768 4069 910 4136 verbum
922 4071 1084 4156 refertur,
1110 4094 1300 4163 pronomen

182 4169 381 4259 personale,
413 4168 473 4235 ubi
495 4190 715 4258 personarum
740 4169 950 4249 ‹listinctione
981 4194 1067 4266 opus
1098 4184 1165 4261 est,
1192 4183 1299 4246 ¹recto

185 4283 328 4343 accentu
343 4271 536 4364 praecedit:
562 4271 659 4341 Iliad.
687 4300 722 4347 a.
741 4271 802 4341 63.
