2826 4904
452 324 499 385 ru
530 308 711 386 carrel
739 321 925 386 trucul.
1186 328 1249 389 ισι

412 489 447 554 V.
479 489 539 554 De
575 493 721 577 ellipcr'
755 492 980 556 verborum.

194 658 200 665 ·
238 632 296 701 Ab
309 631 485 701 nominum
498 631 609 723 ellipsi
624 630 669 699 ad
683 631 815 723 ellipsin
836 632 1017 701 verborum
1042 631 1247 715 accedimus,

134 736 171 803 in
185 756 254 822 quo
267 758 413 827 genere,
438 745 478 802 ut
493 758 595 825 supra
607 734 886 825 significavimus,
911 736 1019 803 multo
1040 736 1145 801 rarius
1158 756 1249 824 pec-

136 848 250 906 catum
263 847 320 906 est.
374 837 445 906 Sed
461 860 565 928 quum
585 838 645 906 hic
659 859 794 926 quoque
816 859 884 904 non
904 861 988 906 unus
1008 860 1158 905 errorum
1173 838 1249 904 fons

136 943 341 1033 reperiatur,
365 940 538 1010 videamus
556 941 691 1031 quaein
711 939 782 1009 hoc
802 963 928 1031 genere
947 941 1122 1032 potissima
1141 949 1224 1008 sunt.

239 1047 295 1114 Ac
315 1045 427 1135 primo
450 1067 553 1135 saepe
578 1044 641 1111 viri
662 1043 754 1112 docti
775 1066 859 1127 non,
891 1046 942 1110 uti
969 1044 1132 1128 decebat,
1161 1044 1251 1110 illins

136 1147 233 1215 verbi
256 1147 390 1239 ellipsin
409 1146 651 1233 adhibuerunt,
677 1145 771 1236 quod
800 1154 877 1214 ante
899 1146 963 1212 alia
989 1147 1131 1236 simplex
1156 1153 1251 1229 esset,

136 1251 200 1318 sed
220 1251 378 1318 remotius
393 1248 557 1369 quiddam
580 1260 613 1318 et
636 1250 825 1338 exquisitius
843 1249 1023 1318 commenti
1038 1257 1130 1333 sunt,
1156 1247 1251 1338 quod

140 1356 187 1421 ob
214 1353 297 1421 id
286 1375 417 1442 ipsum,
441 1354 521 1443 quia
544 1353 639 1420 nimis
662 1353 829 1444 singulare
850 1362 916 1437 cst,
944 1354 987 1420 ab
1011 1351 1169 1443 ellipseos
1190 1375 1249 1419 na-

136 1464 218 1523 tura
236 1456 409 1524 abhorret.
460 1455 636 1523 Eiusmodi
659 1479 806 1524 errorem
825 1455 952 1523 notavit
975 1454 1179 1523 Schaeferus
1212 1477 1252 1545 p.

138 1532 262 1625 599.
251 1583 287 1626 ιιι
305 1556 470 1626 verbis'
430 1586 468 1630 τι
491 1557 572 1653 ἐμαί
587 1558 699 1632 τοῦτο
716 1559 974 1650 intelligendum
991 1581 1061 1626 esse
1081 1556 1158 1629 ἐστὶ
1174 1579 1250 1623 mo-

136 1684 228 1730 nens.
279 1656 386 1731 Aliud
406 1663 599 1753 exemplum
614 1671 715 1753 estp
733 1657 838 1745 585,
863 1661 922 1727 ubi
936 1683 997 1728 cur
1009 1660 1054 1726 ad
1074 1654 1234 1743 haec,
1207 1683 1251 1738 ως

139 1759 318 1854 εὐτυχῶς,
346 1761 406 1835 ὅτι
430 1762 493 1836 οὖα
519 1763 703 1862 ἐλήφθην,
730 1709 848 1853 aliquis
869 1756 1124 1859 ἄπηλλαίχθην,
1150 1783 1252 1851 qnam

116 1867 279 1957 ἐγένετο
318 1867 462 1958 intelligi
494 1868 608 1951 malit,
640 1866 727 1934 nihil
761 1888 896 1936 caussae
920 1872 979 1933 est.
1037 1866 1126 1933 Nam
1157 1863 1252 1954 quod
1323 1882 1326 1887 '

138 1967 345 2037 Schaeferus
369 1970 414 2037 ad
439 1993 517 2038 eum
546 1970 662 2040 locum
681 1969 824 2055 iudicat,
858 1968 894 2035 in
921 1967 1116 2037 huiusmodi
1137 1968 1320 2042 erola-129

135 2072 339 2141 mationibus
352 2073 439 2142 nihil
456 2073 725 2142 subaudiendum
740 2096 828 2157 esse,
851 2071 889 2138 id
908 2095 1028 2140 vereor
1042 2080 1080 2139 ut
1096 2074 1254 2160 cuiquam

135 2177 345 2263 probaturus
371 2177 430 2259 sit,
468 2175 743 2265 quandoquidem
774 2174 906 2243 nullum
940 2175 1156 2257 adverbium,
1194 2172 1255 2239 nisi

135 2279 283 2344 verbum
306 2277 463 2361 accedat,
487 2300 551 2367 per
570 2300 607 2344 se
624 2278 771 2364 aliquem
793 2298 925 2342 sensunn
944 2277 1094 2366 praebet.
1145 2275 1254 2343 humo

136 2379 196 2447 vix
220 2377 292 2444 ulla
313 2377 398 2444 mihi
418 2378 549 2446 videtur
562 2378 768 2447 manifestior
784 2401 856 2446 esse
877 2376 1013 2468 ellipsis.

243 2479 341 2547 Aliae
371 2481 552 2549 verborum
585 2482 721 2573 ellipses
754 2480 962 2572 excogitatae
999 2481 1151 2564 fuerunt,
1195 2478 1256 2547 ubi

128 2582 233 2651 ‘duae
256 2583 443 2652 locutiones
464 2586 624 2654 confusae
647 2594 739 2670 sunt,
774 2584 850 2669 vel,
882 2584 978 2672 quod
1002 2581 1255 2674 propemodum

137 2684 234 2754 idem
250 2694 315 2770 est,
342 2687 401 2754 ubi
423 2687 552 2777 aliquid
572 2687 618 2756 ad
637 2689 694 2773 id,
720 2686 815 2776 quod
842 2696 955 2755 mente
978 2688 1162 2778 cogitatur,
1187 2708 1256 2752 non

139 2787 255 2873 adid,
284 2790 380 2876 qnod
395 2793 499 2858 verba
513 2815 577 2882 per
593 2814 630 2858 se
645 2791 854 2882 significant,
878 2791 1030 2859 refertur.
1059 2788 1254 2859 Cuiusmodi

139 2896 210 2976 est,
236 2892 331 2981 quod
351 2916 388 2983 p.
413 2892 499 2961 612.
526 2903 827 2965 commemoratum
861 2902 927 2962 estz

242 3022 312 3120 ἐμαί
325 3029 393 3122 μὲν
409 3025 475 3105 οὖν
499 3031 533 3112 ές
551 3025 597 3105 vd
615 3035 810 3125 βαλανεῖον
828 3024 1026 3126 βούλομαι,

141 3162 239 3252 quod
256 3186 318 3233 nos
332 3188 468 3256 prorsus
490 3167 613 3236 eodem
632 3168 739 3235 modo
757 3167 915 3252 dicimus,
941 3164 1028 3233 nihil
1042 3168 1256 3255 supprimen-

138 3274 200 3334 tes.
261 3266 488 3337 Commutatio
510 3271 600 3337 enim
626 3271 807 3337 verborum
829 3277 897 3352 est,
929 3290 1034 3355 quum
1055 3268 1146 3334 velle
1169 3267 1257 3338 dici·
1352 3280 1355 3285 '

139 3392 216 3437 mus
231 3392 296 3460 pro
309 3372 464 3440 tendere.
515 3374 637 3460 Neque
657 3372 746 3438 enim
769 3370 955 3460 quidquam
978 3369 1137 3436 omissum
1154 3380 1202 3438 est
1223 3370 1257 3438 in

134 3470 228 3558 hoc,
255 3475 393 3566 ἱέμενοι
405 3469 616 3570 πολεμόνδε.
668 3474 727 3545 Sic
741 3474 841 3542 etiam
855 3474 891 3540 in
906 3471 977 3542 hoc
995 3471 1155 3542 Homeri:

513 3606 657 3708 ἡνίοχος
679 3605 717 3686 δ’
737 3618 867 3705 ἵμασεν
881 3605 1110 3707 καλλίτριχας
1129 3617 1258 3693 ἵππους
1321 3662 1324 3667 -
1353 3631 1365 3642 “

249 3711 336 3807 νῆας
351 3712 411 3785 ἐπὶ
424 3709 618 3812 γλαφυράς.

138 3848 237 3920 Nihil
249 3849 380 3938 diversa
395 3860 444 3920 est
456 3852 540 3920 ratio
554 3851 744 3943 Sophoclei
757 3850 858 3921 loci
848 3873 883 3918 ιιι
905 3851 1078 3941 Antigona
1099 3872 1130 3917 v.
1146 3843 1244 3918 857..

247 3988 408 4108 ἔψαυσας
429 3981 727 4109 αλμιμνοτσίτας
709 3985 790 4079 εμοί
811 3986 1001 4086 μερίμνας,

246 4083 384 4186 πατρός
408 4083 644 4185 τριπόλιστον
671 4085 794 4164 οἶκτον

244 4193 317 4264 τοῦ
338 4220 381 4264 τε
404 4186 612 4288 πρόπαντος
636 4192 817 4291 αμετέροα
834 4184 980 4284 πότμον

147 4342 151 4347 -
246 4298 397 4379 κλεινοῖς
412 4292 714 4390 Λαβδακίδαισιν
