2826 4904
196 318 240 386 as
355 282 364 299 '
526 317 598 380 nr
670 315 967 379 eoasnos

197 487 270 578 ipsa
282 505 424 580 poeseos
441 494 557 557 natura
571 487 696 579 petitae
709 496 800 570 sunt3
811 509 880 555 non
899 508 969 576 quo
981 486 1142 579 supplere
1155 487 1311 575 velimus,

198 613 286 679 quae
303 600 400 658 antea
416 592 522 658 omitti
541 592 735 678 debuerint,
760 590 821 658 sed
834 591 957 683 partim
977 601 1015 659 ut
1037 613 1165 659 errores
1181 614 1310 685 eorum,

124 691 129 696 ’
199 694 257 782 qui
273 694 342 761 istis
360 693 575 762 divisionibus
590 696 680 762 male
695 695 745 766 usi
759 703 850 778 sunt,
877 693 1104 778 confutemus,
1129 694 1253 784 partim
1273 704 1312 763 ut

198 798 315 877 veram
335 818 450 863 earnm
465 795 663 886 dignitatem
684 806 783 885 atque
805 796 981 864 utilitatem
1000 795 1219 864 ostendamus
1271 798 1312 864 ln

199 921 267 987 qna
283 899 375 965 omni
387 898 612 988 disputatione
625 900 723 988 siqui
736 900 823 966 forte
841 908 933 984 suut,
947 900 1004 988 qui
1015 901 1227 991 arrogantiae
1239 900 1313 969 cui-

200 1000 287 1068 dam
296 1010 329 1067 et
342 1000 476 1069 fastidio
491 1002 646 1086 tribuant,
658 1002 753 1090 qnod
766 1001 986 1071 confidentius
1001 1004 1113 1069 omnia
1127 1011 1161 1069 et
1175 1003 1244 1070 sine
1252 1025 1313 1070 ex-

199 1104 405 1175 cusationum
422 1105 664 1192 'captationibus
683 1104 839 1190 dixerim,
856 1126 915 1172 eos
927 1103 1143 1172 vehementer
1156 1126 1255 1195 rogo,
1274 1114 1313 1172 ut

71 1275 76 1287 ,
199 1206 264 1273 sibi
285 1206 522 1296 persuadeant,
547 1229 603 1275 me
625 1229 789 1292 nonaeam
809 1207 959 1274 iuvenilis
977 1230 1164 1297 pammque
1182 1209 1314 1274 exerci-

198 1308 259 1380 tati
272 1309 399 1399 ingenii
413 1310 482 1378 vim
500 1332 570 1378 esse
586 1310 743 1395 credere,
769 1318 806 1377 ut
819 1309 905 1378 nihil
926 1310 1121 1393 erraverim,
1147 1310 1207 1376 sed
1223 1309 1312 1380 haec

178 1418 310 1478 ‘tamen
324 1411 523 1501 scripturum
536 1436 604 1479 non
617 1412 726 1497 fnisse,
738 1413 798 1479 uisi
808 1435 890 1480 vera
902 1423 1066 1503 putarem.
1091 1414 1179 1479 Nam
1186 1436 1230 1480 ne
1243 1412 1313 1479 ho-

196 1511 278 1580 mini
290 1514 426 1601 quidem
434 1514 637 1584 adolescenti
643 1537 717 1582 eam
724 1517 759 1583 in
771 1514 992 1606 philosophia
1000 1514 1228 1583 adhibendam
1239 1538 1312 1584 esse

76 1680 79 1688 .
181 1615 397 1684 modestiam
411 1617 563 1703 arbitror,
580 1627 615 1686 ut
627 1618 732 1685 videri
748 1618 811 1685 sibi
820 1618 931 1685 omnia
943 1618 1044 1702 dicat,
1058 1617 1119 1685 sed
1129 1641 1214 1702 eam,
1223 1641 1312 1707 quae

198 1726 264 1801 est,
290 1741 358 1786 non
375 1719 525 1806 videtur,
551 1720 732 1805 modestia,
756 1729 794 1788 ut
817 1743 926 1808 aequo
948 1722 1060 1788 animo
1085 1719 1187 1804 ferat,
1213 1721 1240 1786 si
1261 1721 1309 1805 id,

196 1819 292 1910 quod
305 1830 475 1908 tamquam
488 1822 705 1891 certissimum
718 1825 948 1913 proposuerit,
974 1825 1018 1891 ab
1041 1823 1113 1890 aliis
1136 1823 1310 1907 refutetur,

197 1931 232 1994 et
246 1923 334 2008 veri,
359 1923 454 2011 quod
467 1923 517 1993 illi
531 1924 731 2008 invenerint,
757 1926 915 1995 eumdem
933 1926 1034 2001 ducat
1048 1925 1213 1995 honorem
1228 1949 1310 2013 esse,

197 2045 239 2097 ac
255 2025 284 2096 si
297 2047 359 2097 suo
373 2034 503 2097 erutum
515 2034 600 2096 esset
612 2025 732 2098 undio.

733 2238 777 2310 11.

574 2385 626 2450 De
645 2388 771 2450 notione
785 2403 928 2472 poeseos.

295 2536 435 2628 Omnia,
460 2552 631 2633 qnaearte
644 2543 718 2612 fieri
733 2542 905 2628 dicuntur,
927 2563 947 2609 e
969 2539 1036 2608 fine
1057 2539 1190 2629 aliquo,
1216 2538 1310 2609 ouius

193 2659 308 2708 caussa
323 2654 517 2736 comparata
532 2647 612 2730 sint,
638 2645 836 2713 iudicantur.
874 2642 944 2727 Qui
955 2643 982 2725 si
995 2650 1105 2709 certus
1122 2640 1259 2728 quidam
1276 2649 1311 2709 et

192 2763 290 2810 verus
305 2744 380 2814 finis
395 2755 461 2831 est,
483 2746 681 2816 mechanica
694 2756 765 2816 arte
786 2746 878 2814 facta
898 2745 1072 2824 dicuntur;
1097 2743 1183 2831 (quo
1203 2766 1308 2812 voca-

190 2844 377 2934 bulopatet
389 2847 448 2918 hic
462 2858 671 2916 nontantum
686 2872 742 2917 eas
754 2848 1002 2937 artesintelligi,
1017 2869 1105 2936 quae
1118 2844 1308 2913 mathema-

190 2947 337 3015 ticorum
349 2951 483 3040 regulas
499 2960 533 3020 et
544 2975 703 3020 manuum
717 2973 859 3045 operam
874 2953 1028 3040 exigunt,
1043 2949 1104 3017 sed
1120 2971 1235 3016 omues
1251 2972 1306 3015 ar-

151 3125 155 3134 ,
189 3056 257 3134 teS,
282 3050 471 3139 inquibus,
493 3055 576 3143 quid
590 3056 631 3122 sit
646 3055 751 3138 illud,
771 3053 866 3142 quod
884 3053 1021 3120 efficere
1036 3053 1155 3120 artifex
1172 3052 1307 3136 debeat,

191 3151 321 3220 clarum
328 3155 569 3246 definitumque
580 3159 642 3249 est)
659 3160 708 3226 siu
715 3159 841 3246 absque
855 3165 948 3224 certo
959 3157 1027 3223 fine
1034 3156 1182 3246 speciem
1194 3163 1308 3224 tamen

191 3257 321 3324 consilii
333 3258 506 3329 cuiusdam
514 3255 599 3351 prae
610 3283 646 3328 se
657 3262 776 3345 ferunt,
792 3260 987 3351 pulcrarum
997 3259 1116 3325 artium
1125 3280 1230 3347 opera
1243 3277 1307 3324 vo-

191 3367 318 3427 cantur.
359 3361 401 3430 ln
422 3361 492 3433 hoc
514 3365 589 3454 ipso
615 3365 702 3431 euim
725 3360 957 3455 pulcritudinis
979 3370 1095 3429 natura
1117 3361 1226 3451 posita
1245 3369 1306 3446 est,
1365 3424 1368 3429 .

187 3461 285 3548 quod
299 3484 368 3530 nou
380 3465 463 3531 certi
477 3466 651 3534 cuiusdam
664 3467 737 3535 finis
750 3466 974 3556 cogitatione,
986 3464 1049 3532 sed
1070 3462 1217 3550 quadam
1230 3471 1306 3530 tan-

187 3564 366 3632 tummodo
381 3568 495 3658 specie
508 3569 648 3654 consilii,
663 3592 752 3658 quae
760 3569 861 3637 animi
873 3569 999 3635 viribus
1013 3565 1232 3634 exercitandis
1246 3587 1306 3634 ao-

104 3717 111 3725 -
188 3667 406 3737 commodata
421 3670 665 3754 estiudicatur.
697 3674 787 3742 Nam
801 3672 958 3760 voluptas
974 3667 1112 3757 quidem
1125 3668 1193 3752 illa,
1216 3691 1306 3756 quae

188 3790 230 3837 ex
248 3771 475 3861 pulcritudine
493 3774 697 3864 percipitur,
722 3795 790 3842 non
803 3782 916 3864 potest
927 3794 992 3863 pro
1004 3770 1071 3836 fine
1084 3769 1221 3855 haberi,
1247 3771 1306 3858 qui

184 3873 308 3962 pulcra
323 3883 395 3943 arte
410 3877 607 3943 obtineatur.
658 3876 794 3944 Etenim
817 3877 897 3965 quia
918 3874 1074 3965 pulcrum
1089 3873 1218 3962 aliquid
1235 3896 1305 3941 esse

185 3997 255 4042 non
272 3995 314 4044 ex
328 3978 501 4069 voluptate
516 3979 742 4070 cognoscitur,
768 4001 855 4067 quae
872 3977 1010 4044 demum
1030 3985 1209 4067 perspecta
1224 3977 1306 4066 pul-

188 4078 354 4147 critudine
367 4081 482 4150 locum
495 4079 618 4166 habet,
631 4089 760 4148 tantum
773 4082 877 4166 abest,
894 4089 932 4148 ut
946 4080 1126 4170 voluptatis
1141 4081 1304 4170 cogitatio

187 4180 369 4267 artificem,
394 4183 479 4273 qnid
492 4183 650 4276 pulcrum
663 4185 714 4267 sit,
738 4182 864 4254 dooere
883 4191 994 4272 queat,
1011 4191 1059 4267 nt,
1071 4182 1133 4250 nisi
1150 4183 1303 4273 perfecto

142 4325 148 4334 -
186 4304 303 4375 opere,
319 4306 362 4353 ne
375 4288 518 4380 cogitari
531 4287 671 4376 quidem
684 4286 755 4356 ulla
769 4287 929 4380 voluptas
940 4287 1053 4379 possit.
1085 4284 1304 4378 Distinguun-
