2826 4904
373 364 556 426 IVRIS
620 364 964 428 PVNIENDI.
1187 370 1227 430 11

114 539 215 631 bant,
238 544 412 627 tamquam
426 536 521 626 quod
539 558 604 630 per
621 559 659 608 se
676 545 809 628 pateat,
832 545 973 628 ponunt
1021 534 1106 605 mat
1118 547 1230 607 autem

114 640 187 711 boc
204 662 307 730 quam
322 641 466 710 maxime
484 640 710 731 probandum,
731 663 859 733 poenas
880 642 1020 708 interea
1032 640 1230 708 tuendaeli-

115 744 253 811 bertatis
278 744 485 832 adiumenta,
515 744 635 832 quibus
664 744 713 812 uti
744 743 877 829 liceret,
919 742 1113 811 referendas
1149 758 1229 812 esse

117 846 222 931 Quod
235 869 340 935 quum
353 847 404 913 illi
417 846 592 914 ostendere
616 846 803 934 omiserint,
828 847 925 915 nobis
947 848 1149 916 contrarium
1168 847 1231 914 erit

115 950 341 1044 probandum.
371 949 425 1018 Ac
438 958 550 1038 potest
566 947 655 1035 hoc,
669 949 742 1016 iura
758 972 818 1020 sua
833 959 905 1016 tuta
916 959 1096 1039 praestare,
1112 949 1230 1042 dupli-

116 1053 201 1119 citer
215 1052 376 1144 intelligi,
392 1060 495 1141 prout
511 1060 568 1119 aut
580 1052 619 1120 iis
630 1050 791 1122 faciendis
804 1052 1009 1136 continetur,
1034 1052 1156 1142 quibus
1177 1053 1230 1121 in-

114 1155 234 1222 iuriam
244 1155 498 1246 propulsamus,
523 1163 581 1224 aut
597 1178 638 1223 ea
652 1155 907 1246 complectitur,
920 1155 1039 1243 quibus
1055 1153 1231 1240 efficimus,

115 1281 160 1326 ue
174 1260 248 1348 quis
261 1257 399 1327 laedere
414 1278 475 1324 nos
487 1257 578 1326 velit
623 1256 728 1345 Quod
742 1256 786 1327 ad
800 1259 974 1347 superiora
990 1257 1124 1345 attinet,
1146 1257 1233 1327 inter

117 1384 159 1430 ea
172 1383 304 1451 poenae
317 1360 483 1430 numerari
492 1382 562 1429 non
570 1370 729 1451 possunt,
748 1361 907 1450 quoniam
922 1360 992 1429 hoc
1006 1380 1113 1452 genus
1122 1369 1232 1430 totum
1257 1392 1260 1398 ¹

117 1460 266 1554 cogendi
278 1465 351 1533 iure
365 1462 672 1553 comprehenditur.
697 1464 761 1532 llla
770 1473 882 1531 autem
892 1463 920 1531 si
932 1473 1130 1556 spectamus,
1142 1485 1232 1554 quae

116 1566 201 1634 alios
215 1567 406 1635 deterreant
419 1567 463 1635 ab
480 1566 644 1653 laesione,
660 1567 788 1636 clarum
804 1576 869 1653 est,
885 1589 927 1635 ea
942 1588 1010 1641 nou
1023 1588 1123 1657 posse
1134 1566 1232 1634 latius

115 1677 253 1759 patere,
282 1693 385 1762 quam
398 1668 515 1760 quoad
528 1671 654 1738 nemini
666 1670 820 1738 iniuriam
830 1669 964 1739 faciant
1016 1669 1130 1753 Quum
1143 1670 1234 1739 enim

117 1781 248 1842 certum
268 1797 339 1842 esse
359 1781 522 1861 nequeat,
546 1773 720 1842 imminere
744 1773 788 1840 ab
808 1773 922 1862 aliquo
938 1772 1140 1858 laesionem,
1165 1792 1234 1840 non

115 1883 228 1966 potest
242 1875 336 1945 aliud
349 1876 535 1966 quidquam
551 1874 671 1963 curam
690 1899 803 1965 quam,
817 1876 846 1943 si
859 1875 933 1964 quis
946 1875 1098 1943 iniuriam
1110 1874 1235 1943 inferre

62 2016 66 2023 ·
118 1986 271 2067 conetur,
298 2001 376 2047 eum
391 1989 430 2046 ut
446 1981 523 2046 satis
535 1979 633 2048 firma
645 1979 814 2071 praesidia
830 1979 1009 2069 excipiant,
1056 1978 1235 2062 Quamob-

116 2102 190 2148 rem
203 2102 341 2170 poeuas,
355 2104 443 2173 quae
456 2083 710 2151 sine-malomm
720 2083 938 2173 perpessione
951 2079 1094 2172 cogitari
1104 2102 1234 2169 neque-

115 2191 192 2267 ant,
216 2185 370 2274 irrogare
384 2204 453 2251 non
467 2194 516 2252 est
527 2185 667 2254 licitum.
718 2186 840 2272 Neque
852 2184 941 2253 euim
959 2204 1038 2251 oum
1051 2183 1125 2267 illo,
1146 2192 1235 2251 tam·

114 2306 222 2375 quam
237 2305 315 2355 cum
328 2285 467 2367 iniusto,
492 2287 552 2374 agi
568 2293 700 2375 potest,
724 2286 783 2372 qui
800 2285 991 2352 sactumsne
1016 2283 1057 2350 sit
1071 2285 1234 2370 imurium,

116 2391 166 2455 an'
178 2407 265 2472 non,
288 2384 392 2476 plane
411 2386 547 2454 nescias
585 2385 750 2456 Nimirum
771 2406 876 2476 quum
889 2386 996 2453 libere
1010 2386 1085 2454 fieri
1100 2408 1235 2455 neeesse

117 2489 176 2574 sit,
199 2511 291 2577 quae
319 2487 478 2577 imputari
499 2483 643 2575 queant,
676 2486 722 2556 de
741 2488 865 2557 nullius
886 2487 1073 2574 voluntate,
1110 2489 1237 2558 etiamsi

118 2591 244 2661 centies
255 2589 413 2671 eamdem
424 2589 577 2657 iniuriam
588 2590 773 2677 iteraverit,
797 2598 948 2660 constare
961 2599 1082 2679 potest
1115 2592 1237 2681 Neque

119 2717 200 2762 vero
218 2716 259 2762 ex
278 2692 428 2762 moribus
449 2701 506 2760 aut
528 2692 766 2785 cupiditatibus
784 2692 947 2762 laedentis
960 2692 1132 2785 probabili
1151 2716 1235 2762 con-

119 2799 264 2881 lectura,
289 2795 373 2884 quid
393 2795 542 2865 facturus
560 2797 619 2882 sit,
644 2795 786 2863 divinam
806 2797 884 2864 satis
906 2804 973 2883 est,
1000 2796 1129 2888 quippe
1148 2820 1236 2886 quae

120 2922 189 2968 nou
207 2899 245 2966 id
263 2899 298 2967 in
322 2899 528 2997 voluntatem
545 2900 616 2966 eius
637 2895 787 2989 habeant
797 2898 997 2989 imperium,
1022 2909 1061 2967 ut
1075 2901 1163 2970 vinci
1174 2910 1237 2968 tre-

121 3011 254 3094 queant.
305 3001 415 3069 Immo
428 3025 473 3069 ue
485 3011 558 3070 tum
569 3001 725 3091 quidem,
750 3002 778 3070 si
790 3002 940 3069 disertim
959 3023 1028 3071 non
1042 3002 1238 3072 destiturum

121 3129 157 3173 se
174 3105 218 3172 ab
232 3104 351 3172 iniuria
365 3103 523 3173 facienda
535 3127 680 3193 nequam
695 3104 802 3174 homo
815 3104 987 3196 professus
1002 3104 1120 3191 fuerit,
1146 3106 1237 3175 malo
1323 3191 1327 3198 ᾔ

122 3207 168 3275 ad
181 3207 334 3281 officium
342 3205 525 3276 colendum
537 3207 656 3277 reduci
666 3217 789 3299 potest,
805 3208 883 3297 quia
898 3230 940 3278 eo
950 3208 1026 3298 ipso
1040 3217 1237 3276 tamenmo-

121 3320 246 3396 mento,
262 3332 331 3398 quo
345 3333 380 3378 se
395 3311 440 3378 ad
451 3311 674 3400 repetendum
688 3310 815 3381 facinus
828 3309 984 3402 accingit,
1003 3310 1140 3381 fortasse
1154 3333 1238 3381 cou-

62 3434 69 3447 *
122 3413 232 3480 silium
239 3413 391 3480 mutabit
416 3413 488 3482 Sed
502 3414 560 3484 fao
574 3413 673 3482 etiam
686 3412 830 3481 dubitari
841 3414 943 3504 plane
956 3432 1025 3481 non
1037 3436 1147 3503 posse,
1158 3415 1239 3505 quin

122 3517 213 3584 mala
232 3538 320 3605 quae
340 3515 516 3603 moliatur,
542 3525 779 3608 exsequuturus
803 3515 859 3584 sit:
891 3514 977 3583 nihil
1001 3516 1111 3606 aliud,
1137 3540 1239 3608 quam

124 3618 236 3685 omnia
253 3640 450 3710 comparare
470 3619 603 3702 licebit,
629 3643 717 3711 quae
738 3618 783 3689 ad
797 3619 1029 3710 repellendum
1051 3621 1119 3688 eius
1136 3641 1240 3688 oona·

122 3730 195 3789 tum
210 3720 334 3792 idonea
348 3722 420 3790 siut
470 3722 560 3791 Nam
576 3723 602 3790 si
615 3745 716 3791 omne
728 3723 779 3793 ius
793 3722 874 3791 laesi
893 3721 1103 3813 inlibertatis
1118 3721 1240 3789 rationi

123 3831 366 3894 consentaneae
380 3847 443 3894 usu
455 3825 656 3895 vindicando
673 3825 839 3912 consistit,
852 3846 922 3894 non
935 3833 985 3892 est
1002 3825 1033 3892 ei
1047 3846 1240 3895 concessum

123 3926 207 3994 alios
219 3927 265 3996 ab
279 3927 430 3996 iisrebus
449 3929 610 4014 retinere,
636 3930 756 4018 quibus
768 3928 880 4018 ipsum
899 3949 967 3995 non
987 3927 1132 3995 laedant
1165 3927 1241 3994 Vo-
1307 3992 1315 4005 ,

123 4030 250 4098 luntate
270 4038 382 4098 autem
405 4030 564 4098 laedendi
582 4031 706 4100 nemini
727 4032 767 4099 fit
787 4030 920 4116 iniuria,
946 4027 1007 4098 sed
1031 4030 1242 4122 exsequenda

84 4186 87 4190 .
124 4133 307 4201 voluntate.
339 4133 459 4221 ltaque
472 4155 511 4201 ea
524 4131 652 4203 tautum
666 4133 822 4203 adhiberi
837 4141 987 4224 possunt,
996 4155 1087 4222 ,quae
1100 4133 1146 4201 ad
1159 4156 1241 4226 per-

125 4236 307 4304 ficiendam
320 4236 503 4331 laesionem
516 4244 676 4326 spectant.
723 4238 801 4305 Non
820 4235 900 4306 licet
913 4234 1015 4327 igitur
1028 4258 1241 4327 quemquam,

126 4339 218 4407 utin
239 4347 414 4434 posterum
438 4339 482 4409 ab
506 4338 604 4407 simili
625 4339 744 4407 iniuria
765 4338 945 4425 abstineat,
969 4356 1082 4431 poena
1095 4340 1241 4411 afficere.
