2826 4904
895 145 902 189 ι

204 311 269 375 230
433 304 493 368 DE
521 304 707 367 ELLIPSI
728 305 786 367 ET
807 303 1096 368 PLEONASMO

202 501 279 548 rum
296 476 474 546 infinitivus
492 476 618 545 nudam
633 468 806 545 notionem
822 475 978 560 actionis,
1011 473 1228 567 participium
1255 497 1320 543 nu-

202 582 283 649 dam
305 582 476 649 notionem
498 580 627 672 agentis
646 581 801 650 continet.
851 579 915 647 His
929 600 1014 669 ergo
1032 579 1058 645 si
1080 579 1217 669 negatio
1239 579 1320 647 sub-

200 684 321 754 iectiva
331 677 384 780 μή
397 681 551 771 additur,
578 707 618 752 ea
632 705 701 751 non
720 690 831 773 potest
844 682 944 749 aliam
960 682 1028 747 vim
1044 679 1190 766 habere,
1216 704 1320 770 quam

125 810 127 815 ·
202 795 241 856 ιιι
263 788 436 855 notionem
456 786 524 855 sive
542 787 680 855 actionis
703 788 772 854 sive
792 786 922 877 agentis
941 784 1136 873 simpliciter
1157 784 1236 850 tolli
1258 806 1319 853 co-

201 889 363 981 gitatione
385 889 519 958 indicet
576 881 780 980 ltaque=pri
806 887 896 984 δρᾶν
921 886 1059 970 dicitur,
1094 886 1220 975 siquis
1252 910 1319 955 non

202 993 318 1061 facere
335 992 462 1082 aliquid
484 993 671 1086 cogitatur,
705 1013 810 1080 quum
833 984 878 1062 od
901 989 991 1085 δρᾶν
1017 989 1058 1056 ιιι
1078 1009 1120 1056 re
1140 1010 1230 1058 vera
1253 1012 1320 1058 ooo

192 1093 347 1188 facere3
377 1089 431 1193 μή
458 1096 572 1191 ὀροῖν,
613 1118 715 1184 quem
747 1114 816 1161 non
847 1091 960 1161 facere
992 1091 1121 1181 aliquid
1151 1091 1321 1178 sumimus,

203 1220 306 1288 quum
330 1193 375 1272 οὐ
391 1197 485 1294 dpoir
498 1199 557 1284 sit,
582 1199 642 1287 qui
661 1220 699 1265 re
714 1221 794 1265 vera
814 1194 942 1284 aliquid
962 1217 1031 1263 non
1042 1194 1134 1265 facit
1176 1195 1321 1263 Accedit

202 1323 270 1368 non
297 1309 367 1367 tam
389 1310 532 1391 propter
560 1299 808 1369 similitudinem
836 1300 913 1366 cum
945 1297 1016 1384 his,
1054 1321 1157 1387 quam
1180 1307 1320 1389 propter

203 1402 505 1470 dissimilitudinem
525 1426 602 1474 cum
616 1402 723 1471 altera
742 1403 866 1488 classe,
890 1401 1116 1493 imperativus.
1165 1401 1321 1470 Necessi-

191 1515 253 1573 ἰιι
277 1503 405 1594 aliquid
419 1528 486 1573 non
505 1506 650 1576 faciendi
665 1527 729 1595 per
750 1528 786 1574 se
801 1513 953 1573 constans
967 1503 1015 1574 sic
1031 1503 1246 1594 exprimitur,
1276 1500 1318 1575 od

204 1609 397 1729 dpoeoas'oo:
421 1608 597 1678 necessitas
612 1609 802 1692 voluntate,
827 1606 976 1726 ideoque
996 1627 1065 1674 non
1086 1604 1236 1696 reipsa,
1263 1605 1320 1674 sed

204 1711 410 1803 cogitatione
426 1711 610 1832 cuiuspiam
625 1711 746 1780 alicui
737 1710 893 1800 amposita
909 1711 975 1793 sic,
1000 1736 1052 1802 μη
1044 1703 1152 1804 doci
1205 1709 1321 1800 Impe-

203 1815 326 1881 rativus
349 1814 451 1905 igstur
475 1816 554 1903 quia
581 1838 654 1883 rem
676 1821 819 1898 certam,
851 1835 915 1882 nec
941 1813 1062 1897 talem,
1099 1833 1194 1899 quae
1218 1811 1322 1900 possit

206 1915 307 1984 etiam
327 1916 424 1983 aliter
447 1939 536 2003 esse,
560 1918 704 2002 indicat,
730 1915 775 1983 ad
800 1915 891 1984 hanc
916 1915 1080 1999 classem,
1106 1935 1177 1981 non
1201 1915 1248 1982 ad
1273 1915 1322 1981 al-

204 2026 311 2085 teram
335 2017 488 2085 refertnr.
540 2021 630 2087 Nam
655 2018 782 2086 etiamsi
803 2018 968 2086 incertum
995 2026 1062 2102 est,
1088 2016 1172 2137 quid
1195 2017 1241 2102 is,
1269 2017 1323 2088 cui

205 2119 334 2209 aliquid
354 2120 546 2212 imperatur,
576 2122 723 2192 facturus
748 2123 806 2205 sit,
830 2120 942 2210 ipsum
966 2120 1115 2188 tamen
1104 2142 1230 2189 russum
1254 2142 1323 2188 non

205 2230 255 2292 est
278 2223 494 2316 ambiguum,
519 2223 580 2292 sed
605 2233 643 2291 ut
668 2223 763 2312 quod
788 2224 933 2291 maxime
959 2233 1098 2294 certum.

137 2340 202 2404 215
308 2325 465 2397 Secunda
481 2327 593 2396 classis
610 2328 687 2395 illos
705 2327 800 2395 verbi
823 2326 945 2395 modos
965 2325 1221 2437 complectitur,
1248 2324 1321 2416 qui-

203 2428 268 2496 bus
296 2451 398 2518 posse
421 2430 549 2519 aliquid
576 2430 651 2498 lieri
678 2429 860 2515 indicatur,
896 2429 933 2497 id
955 2439 1021 2515 est,
1063 2421 1320 2510 coniunctivum,

204 2533 409 2621 optativum,
434 2542 468 2602 et
489 2532 723 2618 indicativum,
749 2533 809 2601 ubi
827 2532 994 2622 quidem
985 2556 1012 2600 rs
1034 2529 1139 2600 linem
1162 2541 1197 2600 et
1214 2531 1322 2602 consi-

204 2634 289 2702 lium
303 2635 440 2703 indicat.
492 2636 540 2704 Hi
556 2635 743 2723 modiquia
756 2656 825 2703 non
844 2659 882 2704 re
895 2658 976 2704 vera
1000 2634 1130 2724 aliquid
1152 2657 1242 2720 esse,
1264 2633 1329 2708 sed.

204 2758 306 2825 posse
329 2761 401 2806 esse
424 2738 632 2830 significant,
658 2738 863 2824 necessario,
888 2739 916 2806 si
937 2739 976 2806 iis
995 2737 1192 2830 adiungitur
1210 2738 1321 2805 subie-

206 2839 293 2908 ctiva
313 2840 450 2931 negatio
464 2835 538 2936 μή,
564 2840 711 2909 aliam
680 2863 748 2910 vnn
770 2840 917 2927 habent,
942 2864 1046 2929 quam
1069 2842 1097 2908 si
1119 2840 1242 2908 eadem
1263 2863 1321 2907 ne-

101 2942 104 2947 ’
205 2942 300 3035 gatio
346 2943 509 3010 infinitivo
549 2951 606 3010 aut
642 2927 824 3053 participio
858 2953 916 3012 aut
945 2943 1145 3034 imperativo
1179 2943 1321 3011 additur

206 3044 322 3128 Quum
345 3045 434 3112 enim
460 3072 511 3140 μη
542 3045 642 3112 etiam
673 3018 884 3115 coniunctivo
906 3055 941 3114 et
962 3047 1114 3139 optativo
1139 3055 1173 3114 et
1193 3045 1322 3115 indica-

205 3148 275 3216 tivo
300 3146 455 3215 additum
473 3147 664 3235 notionem,
703 3170 791 3238 quae
820 3149 925 3218 verbo
960 3151 1164 3233 continetur,
1206 3158 1323 3241 neget3

203 3251 336 3319 formae
352 3262 464 3319 autem
478 3251 560 3320 istae
573 3253 669 3320 verbi
689 3275 759 3321 non
780 3275 850 3320 esse
871 3252 1019 3342 aliquid,
1045 3252 1107 3324 sed
1129 3274 1229 3342 posse
1255 3273 1322 3320 esse

205 3354 412 3445 significent:
438 3355 568 3425 clarum
583 3365 648 3439 est,
674 3378 743 3423 non
762 3355 868 3423 modo
884 3356 1056 3423 notionem
1078 3355 1173 3423 verbi
1193 3355 1316 3447 cogita·

204 3457 297 3526 tione
317 3457 411 3542 tolli,
436 3458 498 3526 sed
518 3458 608 3528 hanc
629 3459 740 3549 ipsam
762 3481 900 3548 quoque
916 3459 1082 3526 sublatam
1102 3458 1276 3526 notionem
1289 3465 1324 3526 ut

205 3583 293 3648 quac
312 3560 418 3650 possit
442 3561 678 3647 ¹tantummodo
710 3562 840 3629 sublata
869 3584 939 3653 esse
968 3561 1122 3652 cogitari.
1189 3553 1248 3631 Sic
1274 3552 1323 3656 μή

206 3658 310 3736 θάνω
330 3671 379 3731 est
393 3670 433 3730 ιιι
449 3664 586 3756 possim
608 3686 677 3731 non
691 3665 792 3732 mori.
842 3663 890 3732 Vt
911 3665 984 3733 aliis
998 3665 1108 3734 verbis
1124 3671 1218 3749 utar,
1234 3664 1322 3755 istae

206 3766 300 3834 verbi
313 3767 446 3834 formae
464 3766 567 3834 finem
582 3766 750 3834 denotant
802 3767 905 3857 Atqui
920 3791 1022 3857 quem
1037 3767 1141 3835 finem
1153 3789 1323 3850 vocamus,

206 3869 234 3935 is
252 3868 338 3936 nihil
359 3879 408 3936 est
424 3869 487 3936 nisi
507 3870 557 3938 rei
578 3870 760 3962 cogitatio,
786 3893 854 3958 qua
871 3893 936 3961 pro
953 3893 1068 3941 caussa
1087 3870 1228 3952 eiusrei
1248 3868 1325 3939 effi-

207 3970 347 4040 ciendae
360 3972 492 4040 utimur.
542 3973 641 4043 Haec
657 3983 769 4041 autem
789 3973 952 4064 cogitatio
968 3996 1036 4043 non
1058 3975 1094 4041 in
1109 3995 1152 4042 eo
1166 3980 1325 4056 versatur,

130 4151 132 4156 ¹
191 4074 303 4160 'quod
325 4083 391 4159 est,
417 4075 527 4143 sedin
540 4076 620 4162 illo',
646 4077 740 4165 quod
756 4086 868 4168 potest
887 4100 966 4145 esse.
1018 4079 1138 4166 ltaque
1158 4076 1256 4166 quod
1277 4075 1323 4143 ob

208 4175 310 4245 finem
323 4178 472 4267 aliquem
488 4180 647 4266 facimus,
672 4179 711 4246 id
733 4180 874 4249 facimus
889 4180 954 4265 sic,
979 4190 1017 4248 ut
1030 4180 1085 4265 id,
1110 4179 1207 4269 qnod
1222 4179 1324 4248 volu-

135 4340 138 4345 .
168 4349 170 4352 ,
208 4301 302 4365 mus,
328 4283 516 4374 cogitemus
538 4307 608 4354 esse
630 4304 748 4376 posse,
781 4305 886 4373 quum
907 4284 1013 4375 possit
1032 4285 1133 4353 etiam
1155 4305 1225 4352 non
1246 4307 1328 4357 esse.
