2826 4904
414 314 466 379 IN
495 314 685 381 natael
712 315 909 384 tlnevt'
991 319 1011 392 ’,
1154 319 1218 386 m

291 479 381 548 VIII.
402 481 462 549 De
487 487 675 568 genitivo
703 487 859 550 nomint
880 486 1032 550 Iuncto.

203 641 317 732 Atque
337 641 373 711 in
392 643 485 712 illam
506 644 645 736 genitivi
664 645 836 714 notionem
860 668 964 736 quam
994 643 1126 735 saepius
1144 643 1212 713 iam

97 740 270 836 tetigimus
303 745 441 829 intuenti
464 747 605 837 planum
624 749 665 816 sit
697 770 833 817 necesse
854 757 920 834 est,
946 747 1079 815 duobus
1104 748 1214 816 modis
1222 766 1284 830 140

89 869 91 873 ⁴
98 848 288 939 genitivum
312 850 465 941 usurpari
488 872 605 941 posse3
641 850 752 941 primo
775 852 841 937 sio,
873 861 927 938 ιιι,
960 851 1055 938 quod
1078 851 1218 919 alicuius

99 948 151 1019 rei
172 961 238 1037 est,
263 952 346 1041 quid
362 955 403 1021 sit
424 952 527 1032 huiuss
542 953 591 1021 rei
611 953 754 1034 dicatur;
781 954 907 1038 altero,
932 963 971 1021 ιιι
991 954 1142 1022 universe
1164 954 1219 1021 di-

102 1061 198 1124 catur
222 1053 348 1143 aliquid
370 1056 508 1124 alicuius
527 1055 577 1123 rei
598 1080 686 1141 esse,
717 1079 785 1125 non
807 1056 966 1139 definito,
998 1066 1110 1124 utrum
1127 1080 1219 1151 pars,

101 1176 147 1224 an
166 1159 367 1249 proprietas,
393 1183 436 1227 an
456 1158 614 1244 effectus,
647 1183 690 1226 an
707 1158 872 1251 quidquid
892 1158 1029 1226 demum
1044 1161 1095 1227 sit.
1145 1156 1219 1228 Eu-

98 1259 266 1351 plicemus
284 1262 397 1352 primo
420 1262 465 1329 de
485 1261 600 1352 priore
614 1261 678 1331 isto
700 1261 863 1350 loquendi
879 1260 1007 1344 modo,
1032 1283 1102 1350 quo
1118 1263 1217 1353 geni-
1249 1345 1254 1353 .
1362 1348 1365 1353 ι

98 1362 185 1430 tivus
200 1385 324 1432 nomen
337 1365 531 1435 adiunctum
545 1364 660 1432 habet
710 1367 823 1453 Atque
837 1363 896 1433 hic
914 1363 1001 1432 duae
1017 1386 1053 1432 se
1069 1364 1218 1432 offerunt

97 1465 240 1557 genitivi
264 1468 540 1558 significationem
572 1491 656 1556 quas
685 1467 896 1535 considerare
920 1489 1047 1557 operae
1071 1469 1218 1558 pretinm

99 1570 160 1654 sit,
192 1593 261 1651 una
285 1571 516 1656 derivationis,
556 1571 662 1639 altera
690 1569 970 1647 commutationis,
1029 1568 1218 1658 Vtramque

96 1671 224 1750 frustra
250 1696 316 1765 per
340 1674 473 1766 ellipsin
504 1674 674 1764 explicare
697 1673 836 1761 quidam
860 1672 972 1739 conati
995 1680 1091 1758 sunt,
1124 1672 1219 1760 quod

95 1774 241 1866 planum
270 1777 332 1846 erit
351 1801 423 1847 rem
441 1785 533 1845 recte
557 1775 791 1846 consideranti
843 1773 948 1859 Quod
970 1772 1064 1865 apud
1085 1775 1220 1846 Home-

96 1901 174 1949 rum
197 1888 248 1948 est
267 1879 363 1948 Iliad.
390 1879 450 1954 Xl.
475 1877 562 1951 124.

201 2010 336 2113 χρυσδν
358 2009 616 2115 Ἀλεξάνδροιο
645 2016 866 2112 δεδεγμένος,

94 2151 160 2220 tria
190 2163 303 2242 potest
329 2154 538 2246 significare,
574 2177 698 2237 unum,
739 2153 836 2242 qnod
868 2136 1041 2218 omnium*
1061 2151 1221 2240 primum,

91 2255 311 2342 maximeque
341 2257 484 2345 simplex
514 2262 580 2339 est‚
623 2277 753 2323 aurum
783 2253 989 2321 Alexandri
1022 2255 1222 2344 acceptans,-

93 2355 303 2445 secundmn‚
330 2356 424 2446 quod
436 2357 495 2425 hie
510 2357 623 2425 dicere
636 2366 741 2446 poeta
763 2356 881 2442 voluit,
907 2375 1037 2423 aurum
1062 2354 1110 2425 ab
1130 2356 1221 2431 Ale-
1319 2431 1322 2435 ,

93 2459 242 2542 candro
269 2461 467 2554 ancipitum
498 2469 537 2528 ut
565 2459 664 2527 lliad
688 2460 715 2528 L
739 2455 827 2526 596.

196 2591 403 2695 μειδήσασα
419 2597 479 2711 dd,
506 2589 635 2678 παιδός
650 2597 794 2679 ἐδέξατο
814 2593 909 2691 χειρὶ
926 2585 1116 2688 κύπελλον,

95 2749 133 2817 in
155 2750 248 2820 cuius
259 2774 373 2820 versus
390 2751 614 2842 explicatione
630 2749 835 2819 Schaeferus
853 2749 898 2816 ad
912 2749 1085 2840 Euripidis
1099 2732 1222 2822 Hecuss

94 2854 178 2922 bam
192 2877 228 2945 p.
242 2850 302 2921 45.
319 2880 339 2923 a
357 2856 475 2923 Vossio
496 2878 532 2923 se
554 2854 669 2943 decipi
683 2877 800 2944 passus
817 2861 883 2932 est3
907 2853 1064 2942 tertium,
1090 2876 1220 2926 aarum

88 2977 164 3049 pro
178 2956 390 3027 Alexandro
404 2959 600 3052 nocquinus,
626 2967 664 3024 ut
688 2955 811 3047 Odyss.
827 2955 886 3023 Xl.
904 2953 991 3023 326.

201 3107 227 3206 ἢ
247 3105 383 3208 χρυσόν
408 3110 517 3208 φίλου
542 3105 673 3209 ἁνδρός
691 3113 843 3200 ἐδέξατο,
861 3102 1053 3206 τιμήεντα.

94 3261 198 3332 Vnde
217 3262 306 3334 haec
328 3263 523 3332 diversitas?
562 3265 601 3334 si
631 3264 676 3331 ab
709 3264 838 3354 ellipsi‚
875 3263 970 3350 quod
990 3261 1128 3353 volunt,
1159 3260 1220 3349 qui

93 3388 185 3437 nnnc
205 3360 326 3463 παρά,
360 3387 449 3435 nunc
474 3364 556 3439 αντὶ
580 3367 638 3433 vel
664 3361 754 3461 ὑπὲρ
785 3364 996 3455 intelligunt,
1027 3362 1111 3430 nihil
1131 3362 1218 3434 lucri

93 3469 237 3539 fecimus
259 3469 458 3539 advocanda
479 3468 745 3560 praepositione,
780 3491 868 3557 qnae
890 3489 957 3535 non
978 3466 1084 3535 modo
1107 3491 1150 3534 an
1173 3469 1282 3535 sitlll

94 3571 312 3657 adhibenda,
342 3573 402 3640 sed
424 3575 524 3640 etiam
544 3585 655 3640 utrum
673 3571 779 3659 haec,
806 3594 849 3638 an
871 3572 953 3656 alia,
978 3570 1140 3639 incertum
1157 3578 1215 3635 est.

94 3674 157 3744 Sin
178 3675 222 3742 ab
245 3676 320 3766 ipsa
349 3676 487 3768 genitivi
516 3675 782 3768 significatione,
822 3674 955 3743 lucrum
980 3697 1049 3740 non
1072 3681 1120 3738 est
1143 3671 1216 3738 exi·
1296 3760 1299 3764 Ι

94 3799 222 3869 guum,
248 3782 329 3869 qnia
348 3781 394 3850 sic
410 3803 520 3869 neque
543 3781 652 3847 alieno
668 3799 754 3869 opus
772 3786 820 3847 est
835 3776 1059 3859 adminiculo,
1086 3783 1120 3841 et
1136 3773 1216 3840 fon-

93 3890 183 3967 tem,
218 3882 310 3949 unde
336 3881 374 3948 hi
407 3884 611 3974 significatus
639 3879 804 3966 venerint,
847 3879 969 3970 aperiri
997 3898 1132 3955 necesse
1155 3885 1214 3943 est

93 3983 177 4052 Hoc
201 3983 306 4076 igitur
328 4007 477 4075 agamus.
528 3987 603 4054 Nec
622 3983 780 4075 profecto
799 3983 983 4081 quidquam
1002 3979 1133 4071 planius
1155 3988 1213 4046 est.

94 4089 228 4156 Aurum
244 4086 428 4156 Alexandri
456 4095 524 4172 est,
549 4087 643 4177 quod
665 4085 771 4154 habet
793 4085 1001 4157 Alexander:
1027 4081 1086 4170 qui
1103 4091 1214 4150 autem

95 4188 228 4278 aliquid
248 4192 293 4260 ab
309 4191 378 4258 alio
393 4190 533 4280 accipit,
557 4191 585 4258 is
601 4191 724 4280 accipit
743 4189 803 4274 id,
828 4188 925 4276 quod
941 4184 1092 4254 habebat
1120 4186 1166 4270 is,
1193 4208 1214 4254 a

95 4314 165 4383 quo
181 4294 313 4387 accipit.
364 4294 485 4384 ltaque
498 4315 634 4385 pauper
649 4292 765 4367 adhuc
785 4299 819 4362 et
831 4289 924 4359 rudis
947 4311 1057 4358 sermo
1078 4288 1215 4358 dicebat

150 4396 274 4468 Hunos.
301 4394 369 4469 01».
394 4397 422 4466 1.
977 4391 1021 4462 Μ
