2826 4904
399 274 1024 343 conlcosnrrnrco.
1223 290 1268 355 ω

254 444 400 542 ἤνασσε,
427 448 486 523 καί
502 447 589 523 νοῦν
604 445 931 579 φριτόςεείήθους”
904 479 1008 574 αγριν
1117 488 1121 494 ·

254 545 359 633 οὗτος
376 549 443 626 δ”
425 550 561 627 εκείνοα
577 560 671 644 παῖς,
696 581 817 681 πατρι
800 549 980 637 πλαστδς
992 550 1117 649 νόθος,

199 644 226 718 5
250 647 479 749 μητρόςδ’”
457 653 585 736 οποίας
600 684 622 754 η
638 654 782 731 τεκοῦσ
799 656 1006 748 ἐπίσταται,

251 755 355 828 ἔσθει
369 756 439 851 μίν
453 756 580 854 ἄρτου
585 765 682 889 τρεῖς
696 757 801 840 ὅνους
808 761 1029 888 κανθηλίους

250 858 328 954 τρίς
343 887 406 958 της
414 859 622 984 βραχειας
599 863 747 958 ημίρας,
773 860 869 936 πίνει
884 861 968 937 θ’”
942 892 1021 959 αμα

250 961 367 1034 saluit
381 958 580 1084 ncrpq'rqv
576 959 644 1038 τόν
660 960 900 1092 δεκάμφορον
910 963 1035 1041 πίθον

249 1058 438 1158 ἐργάζεται
454 1062 491 1139 δ
491 1060 643 1164 ἐλαφροί
655 1060 744 1167 πρδς
759 1060 809 1139 τοί
823 1066 937 1157 σιτία,

173 1159 272 1231 Ιθ”
226 1192 383 1260 ογμονς
396 1165 566 1293 θερίζων·
592 1170 639 1267 τῆ
652 1165 810 1265 μερίδ’
783 1168 961 1267 ενήμίρα

249 1263 471 1344 Διόνυσον
447 1297 569 1369 ομπνῃ
583 1271 796 1367 συντίθησιν
811 1274 860 1356 εἰς
874 1275 984 1356 τέλος.

247 1369 369 1462 χαίταν
381 1400 440 1455 τις
452 1375 542 1471 ἔλθη
553 1373 701 1504 ξεῖνρς
677 1404 699 1473 η
714 1374 877 1497 παρεξίῃ,

248 1480 414 1604 φαμεῐντ
420 1471 649 1567 ἔδωκεν,
614 1471 988 1605 ειτακιίπεχόρταρεν,

246 1577 308 1650 καί
321 1577 392 1651 τοῦ
403 1577 522 1652 ποτοῦ
535 1579 762 1702 προῦτεινεν,
789 1577 833 1661 to‘c
848 1609 894 1656 αν
910 1584 949 1654 ἑν
967 1579 1103 1703 θίρει,
1113 1615 1116 1619 ·

171 1671 221 1746 15
247 1680 374 1754 πλέον·
402 1687 558 1777 φθονεῖν
572 1676 642 1781 μσίρ
656 1688 732 1768 τοῖς
747 1683 990 1777 θανουμίνοις
1004 1676 1109 1755 σ’κνεί

246 1782 448 1859 ίπισκοπσίν
464 1784 502 1857 δὲ
514 1784 629 1859 πεδία
636 1779 899 1907 Μαιάνδρου
875 1789 1038 1908 ροαΐς

244 1879 489 2010 κηπερμοίτοεν
496 1881 658 2008 α’ρδετιτρί
673 1890 824 2007 δριψιλει
835 1914 953 1985 ποτφ,

244 1981 312 2061 τδν
322 1982 532 2116 ἀνδρομήκη
548 1983 666 2112 παρδν
682 1986 883 2114 ἠκονημίνη

243 2086 347 2212 ἅρπη
355 2089 509 2187 θερίζει·
535 2086 603 2167 τδν
619 2093 721 2178 ξένον
731 2093 816 2166 δίδ
815 2087 978 2222 ρίμματι

167 2188 219 2259 20
245 2187 345 2284 αίτῳ
331 2191 516 2274 κυλίσας,
542 2188 675 2288 κρατδς
692 2191 857 2309 ὁρφανον
872 2196 990 2289 φέρει,

245 2263 357 2383 γελοία
369 2286 589 2388 θεριστην
562 2320 607 2373 ως
622 2292 735 2365 ἄνουν
750 2290 946 2388 ήρίστισεν.

245 2386 290 2461 ln
299 2392 399 2462 huius
413 2393 597 2486 fragmenti
613 2393 848 2463 emendatione
867 2393 1117 2466 Eichstaedtius
1130 2401 1168 2464 nt
1183 2416 1263 2466 cae-

140 2496 217 2564 teris
239 2496 418 2581 audacior,
444 2497 492 2564 ita
516 2498 618 2565 etiam
631 2497 802 2586 aliquanto
816 2495 986 2570 infelicior
1000 2498 1082 2566 fuit.
1123 2499 1179 2567 Ac
1188 2518 1265 2589 pn

140 2623 233 2668 mum
252 2598 392 2689 quidem
415 2621 521 2688 quum
541 2598 868 2685 recteintellexisset,
892 2584 1034 2694 prologi
1043 2607 1178 2692 partem
1192 2621 1290 2687 esses

139 2701 204 2770 hos
218 2725 343 2787 versus,
366 2723 436 2771 non
449 2701 600 2777 debebat
605 2725 680 2789 eos,
704 2725 782 2771 mea
796 2703 936 2792 quidem
950 2704 1121 2791 sententia,
1134 2704 1262 2796 aprin-

142 2806 232 2898 cipio
253 2806 412 2899 prologi,
444 2806 539 2895 quod
560 2805 765 2878 intercidisse
785 2816 901 2898 putat,
933 2831 1120 2879 removere.
1170 2809 1261 2878 Nam

139 2909 234 2998 quod
248 2912 313 2995 ait,
340 2905 446 2988 οὗτος
466 2932 497 2978 v.
517 2907 553 2976 4.
570 2933 591 2976 a
603 2910 849 3001 spectatoribus
861 2934 931 2981 uon
944 2906 1093 3002 potuisse
1103 2910 1260 3004 intelligi,

138 3014 200 3081 nisi
212 3011 297 3102 quid
307 3021 405 3081 antea
420 3011 464 3082 de
476 3012 628 3103 Lytiersa
638 3013 894 3107 interrogasset,
919 3017 1057 3086 minime
1070 3038 1187 3084 verum
1200 3025 1258 3093 est.

117 3147 120 3153 ·
139 3115 279 3207 Quippe
301 3113 362 3185 hic
385 3114 442 3184 vel
463 3116 596 3185 adstare
613 3115 649 3185 in
668 3139 769 3186 scena
785 3125 939 3208 poterat,
963 3119 1010 3188 ita
1027 3126 1067 3187 ut
1080 3118 1125 3188 ab
1142 3139 1185 3186 eo
1200 3118 1259 3206 qui

137 3220 324 3310 prologum
337 3228 454 3312 ageret
469 3219 699 3288 ostenderetur
709 3221 965 3312 spectatoribus,
990 3220 1057 3305 vel,
1082 3218 1178 3309 quod
1184 3242 1258 3287 ma·
1275 3254 1279 3269 ν

137 3323 190 3413 gis
211 3321 376 3392 credibile
398 3329 467 3407 est,
491 3322 570 3390 rino
586 3330 772 3412 somnoque
786 3344 965 3413 oppressus
979 3322 1257 3414 conspiciebatur.

137 3425 226 3494 Nam
247 3420 355 3505 οὗτος
375 3446 444 3493 uon
456 3433 592 3517 poterat
604 3425 666 3492 nisi
679 3425 723 3494 de
733 3435 910 3517 praesente
924 3425 1001 3496 dici.
1053 3424 1134 3512 Quo
1144 3414 1256 3498 minus

125 3519 223 3619 opus
240 3535 309 3612 est,
334 3536 372 3595 ut
391 3528 539 3618 aliquam
554 3529 851 3622 interrogationem
870 3529 1032 3602 excidisse
1044 3552 1256 3601 censeamus:

138 3653 226 3719 quae
243 3629 344 3699 etiam
367 3631 395 3699 si
416 3632 564 3719 adesset,
590 3655 660 3700 non
679 3632 841 3724 potuisset
856 3630 977 3723 οὗτος,
1002 3633 1065 3700 nisi
1078 3641 1256 3723 praesente

136 3734 306 3823 Lytiersa‚
330 3735 538 3826 responderi.
588 3736 636 3805 At
648 3758 729 3804 vero
744 3736 803 3803 illa
815 3736 886 3804 loci
900 3735 1158 3818 demonstratio,
1187 3757 1256 3824 qna

136 3836 207 3907 hoe
219 3836 447 3930 fragmentum
461 3840 599 3931 incipit,
623 3835 712 3908 adeo
732 3837 873 3930 propria
889 3847 939 3908 est
949 3837 1122 3929 principiis
1133 3838 1255 3928 prolo-

135 3962 278 4033 gorum,
303 3949 357 4026 ut,
383 3943 443 4030 qui
455 3943 510 4012 vel
522 3940 742 4033 Sophocleae
755 3941 913 4014 Electrae
929 3939 1128 4024 meminerit,
1152 3939 1254 4009 dubi-

133 4055 206 4113 tare
224 4044 280 4114 six
301 4045 424 4134 possit,
449 4046 530 4134 quin
546 4048 658 4138 ipsum
673 4045 734 4114 hic
752 4055 829 4113 ante
850 4044 969 4116 oculos
984 4043 1170 4112 habeamus
1181 4045 1254 4136 Ly-

134 4149 256 4218 tiersae
270 4146 454 4216 exordium.
505 4148 669 4240 Aequod
683 4173 715 4218 v.
729 4144 764 4216 b.
777 4145 1026 4217 Eichs'taedtius
1039 4146 1187 4239 aliquem
1200 4151 1253 4218 in-

136 4261 314 4345 terrogare
325 4250 407 4322 facit
417 4241 556 4349 μητρός
570 4248 599 4326 δ’
615 4247 742 4332 ὁποίας
745 4279 761 4344 ,·
790 4256 899 4322 multo
914 4251 1149 4347 magismirqr,
1163 4252 1253 4322 'eum
