2826 4904
187 322 250 383 loc
527 315 582 379 DE
613 311 944 377 lllFFEilEilTlA

185 489 327 557 hominis
342 487 478 557 alicuius
492 496 527 556 et
539 509 660 579 prosae
678 485 833 554 orationis
846 487 989 576 scriptor
1004 493 1038 553 et
1051 492 1156 576 poeta
1178 485 1294 555 dicere

136 601 313 685 19potest‚
337 592 397 660 sed
413 602 553 681 uterque
572 614 632 659 suo
647 590 796 680 quodam
808 590 913 657 modo
930 589 1020 657 dicit
1060 584 1148 657 Nam
1160 590 1195 654 in
1209 610 1296 680 pro-

37 724 41 739 *
91 708 94 713 '
184 721 220 765 sa
242 695 391 763 oratione
410 704 527 784 tropus
545 695 643 764 unice
666 693 848 784 cognitioni
868 692 1017 760 inservit:
1050 715 1155 781 quare
1178 692 1295 781 siqua

183 799 360 891 praeclara
377 821 430 866 res
451 799 566 866 lucere
587 797 723 881 dicitur,
754 806 883 863 tantum
908 817 949 862 ex
969 795 1037 863 hac
1059 795 1144 863 lucis
1163 794 1294 886 signifi-

185 903 316 972 catione
341 900 385 967 ad
402 925 475 968 rem
490 902 584 972 istam
606 899 808 983 transfertur,
834 908 995 988 quantum
1016 897 1061 964 ad
1084 898 1153 966 eius
1171 898 1294 990 cogni-

183 1005 309 1071 tionem
332 1025 417 1094 opus
442 1011 498 1071 est.
549 1004 610 1071 Est
632 1012 745 1070 autem
766 1002 837 1071 hoe
856 1002 915 1087 id,
938 1004 1061 1089 inquo
1081 1002 1227 1070 cernitur
1249 1001 1294 1068 si-
1326 1006 1334 1017 '

182 1107 348 1175 militudo.
405 1106 537 1174 Lumen
558 1106 776 1198 conspicuum
801 1114 865 1188 est,
905 1105 1087 1194 conspicua
1116 1113 1164 1172 est
1192 1127 1297 1196 egre*

183 1213 243 1301 gia
266 1233 328 1278 res.
378 1210 498 1298 ltaque
523 1209 639 1279 lucere
666 1219 716 1276 est
748 1208 966 1298 conspicuum
999 1229 1078 1274 esse.
1129 1208 1170 1274 ln
1199 1206 1296 1299 poesi

183 1335 265 1381 vero
289 1313 368 1401 quia
382 1320 499 1403 tropus
515 1312 559 1379 ad
574 1312 674 1379 animi
689 1313 799 1379 lusum
817 1311 978 1394 refertur,
1004 1331 1072 1377 non
1085 1309 1195 1378 solum
1208 1308 1297 1378 illud

179 1425 368 1505 spectatur,
402 1414 498 1504 quod
515 1415 574 1482 lux
597 1437 675 1490 eum
693 1416 753 1480 illa
771 1438 809 1483 re
830 1436 1009 1483 commune
1027 1412 1150 1497 habet,
1177 1413 1238 1481 sed
1252 1410 1297 1480 ad

118 1506 127 1517 ’
185 1541 227 1596 ea
249 1541 385 1608 quoque
407 1518 554 1585 animum
580 1517 798 1603 attendimus,
833 1541 919 1606 quae
941 1517 1082 1607 propria
1106 1524 1181 1583 sunt
1200 1515 1297 1599 lucis,

184 1620 373 1713 fulgorem,
406 1621 704 1712 magnificentiam,
735 1622 905 1712 vigorem,
935 1619 1198 1704 iucunditatem,
1223 1628 1298 1687 tum

185 1724 350 1792 etiamad
382 1725 557 1814 opposita,
588 1725 763 1809 tenebras,
798 1723 1050 1807 obscuritatem,
1085 1722 1296 1814 languorem.

184 1827 232 1895 Vt
254 1827 321 1893 alio
342 1835 436 1910 utar,
469 1828 618 1916 palmam
643 1826 761 1916 aliquis
780 1826 870 1894 ferre
892 1827 927 1894 in
948 1847 1050 1916 prosa
1070 1826 1222 1893 oratione
1248 1824 1295 1895 sic

184 1929 325 2011 dieitur,
350 1938 389 1995 ut
412 1929 499 1995 illud
524 1939 652 1995 tantum
674 1930 889 2019 respiciatur,
922 1928 1017 2017 quod
1035 1929 1061 1995 is
1078 1949 1156 1997 cum
1178 1928 1223 1995 eo
1238 1928 1295 2016 qui

184 2053 262 2100 vere
282 2030 431 2120 palmam
453 2033 518 2098 fert
536 2052 715 2100 commune
735 2033 850 2099 habet.
907 2031 950 2099 Id
965 2041 1015 2098 est
1035 2040 1147 2101 autem
1167 2031 1293 2102 vicisse.

185 2134 256 2204 Sed
270 2143 376 2224 poeta
389 2157 493 2224 quum
511 2134 661 2222 loquitur
677 2136 722 2203 de
737 2136 794 2221 iis,
819 2154 905 2224 qnos
920 2135 1052 2226 palma
1063 2133 1189 2205 nobilis

394 2279 575 2341 terrarum
594 2271 752 2340 dominos
768 2271 882 2341 evehit
899 2271 951 2341 ad
969 2271 1065 2358 deos,

164 2428 251 2477 ‘non
270 2408 462 2493 victoriam,
488 2409 548 2477 sed
564 2431 644 2477 vere
657 2410 817 2499 palmam,
841 2431 911 2476 non
923 2410 1085 2480 rictorem
1097 2426 1295 2497 quemcum-

183 2535 267 2602 que,
294 2512 354 2580 sed
374 2513 491 2601 palma
514 2512 675 2579 donatum
690 2512 786 2580 dicit:
811 2535 880 2600 quo
902 2513 960 2598 fit,
986 2523 1040 2596 ut,
1066 2535 1172 2601 quum
1193 2510 1298 2579 vellet

181 2624 295 2682 tamen
319 2638 566 2703 quemcumque
583 2637 757 2704 sacrorum
778 2615 938 2682 ludorum
952 2616 1118 2685 victorem
1139 2614 1295 2705 intelligi,
1348 2622 1350 2627 ’

183 2718 310 2784 animus
343 2718 478 2785 lectoris
509 2717 605 2783 latius
632 2717 749 2807 vagari
777 2718 999 2809 cogitatione,
1044 2740 1152 2807 eaque
1184 2717 1296 2786 omnia

183 2820 368 2908 complecti
390 2820 513 2908 possit,
546 2841 633 2907 quae
653 2819 713 2886 illa
727 2821 862 2909 pabnae
882 2822 1006 2890 mentio
1018 2822 1110 2911 quasi
1123 2844 1143 2888 e
1158 2821 1296 2912 longin-

184 2945 252 3010 quo
277 2921 492 2989 demonstret.
549 2922 604 2988 Ex
626 2921 679 2989 his
703 2922 916 3015 intelligitur,
954 2925 1013 3014 qui
1033 2925 1110 3010 fiat,
1143 2933 1181 2991 ut
1202 2924 1294 2991 idem

182 3035 300 3114 tropus
319 3025 424 3116 longe
445 3026 609 3091 minorem
629 3026 663 3091 in
685 3047 786 3114 prosa
808 3028 978 3114 oratione,
1007 3051 1109 3116 quam
1130 3026 1165 3093 in
1186 3026 1293 3117 poesi,

77 3200 80 3205 ,
139 3188 142 3199 ,
182 3128 250 3196 rim
278 3127 415 3195 habeat.
479 3129 593 3216 Atque
616 3129 751 3195 omnino
779 3139 955 3220 troporum
984 3153 1107 3221 prosae
1136 3129 1293 3200 orationis

182 3254 251 3299 non
277 3232 342 3299 alia
363 3241 414 3298 est
434 3232 553 3316 virtus,
587 3254 689 3319 quam
711 3241 748 3299 ut
768 3233 1044 3324 significationem
1066 3234 1117 3300 rei
1137 3255 1202 3324 per
1222 3236 1293 3301 tro-

96 3356 98 3361 ·
183 3357 267 3425 pum
287 3335 453 3404 indicatae
473 3334 592 3402 leviter
611 3343 767 3426 augeant.
819 3337 933 3422 Quare
947 3338 971 3403 ii
985 3336 1130 3404 maxime
1142 3338 1294 3425 proban-

182 3450 256 3520 tur,
291 3438 350 3524 qui
370 3460 433 3505 usu
454 3439 501 3503 ita
526 3448 600 3505 sunt
622 3439 708 3525 triti,
734 3448 771 3507 ut
789 3441 839 3508 vis
861 3462 979 3508 eorum
999 3440 1168 3507 neminem
1188 3440 1294 3507 latere

182 3539 297 3632 possit.
355 3538 469 3606 Minus
492 3541 669 3607 laudantur
696 3543 775 3609 novi
798 3551 897 3630 atque
923 3543 1136 3626 audaciores,
1163 3543 1295 3635 quiain

183 3643 236 3710 his
257 3643 384 3709 animus
405 3644 513 3733 magis
536 3642 580 3709 ad
595 3653 750 3732 tropum,
776 3668 877 3732 quam
895 3647 939 3713 ad
955 3646 1009 3730 id,
1035 3645 1129 3734 quod
1143 3668 1207 3736 per
1222 3655 1295 3713 tro·

182 3769 267 3839 pum
283 3746 506 3838 significatur,
534 3745 705 3814 attendere
719 3746 815 3815 solet.
866 3748 980 3833 Quare
995 3748 1030 3816 id
1045 3749 1195 3839 inprimis
1219 3757 1295 3818 ante

184 3850 302 3919 oculos
322 3849 452 3917 habere
471 3849 505 3915 in
519 3871 620 3937 prosa
641 3850 790 3919 oratione
813 3854 983 3938 convenit,
1009 3861 1047 3919 ut
1061 3854 1164 3941 tropi,
1190 3851 1296 3921 sicubi

182 3953 222 4020 iis
243 3946 383 4038 utimur,
416 3952 642 4043 cognitionem
668 3955 718 4021 rei
748 3955 915 4023 adiuvent.
973 3954 1078 4040 Quod
1099 3955 1158 4044 qui
1183 3955 1296 4046 negli-

184 4066 286 4146 gunt,
318 4079 440 4146 prosae
466 4055 607 4122 orationi
634 4057 752 4145 poesin
773 4056 972 4144 admiscent,
997 4068 1035 4128 ut
1061 4058 1237 4150 Longinus
1261 4059 1296 4125 in

184 4157 259 4225 his:
284 4161 422 4253 μέτρου
446 4159 483 4231 δὲ
509 4152 628 4253 πατήρ
650 4153 792 4254 poderis
807 4160 866 4232 καὶ
880 4155 976 4243 θεός.

288 4294 531 4384 Progredimur
549 4293 594 4362 ad
616 4294 748 4367 tertiam
768 4321 882 4389 earum
897 4321 1028 4384 rerum,
1058 4298 1179 4389 quibus
1196 4319 1297 4390 prosa
