2826 4904
388 298 403 309 ·
512 305 886 372 suaicrsrnuvn.
964 264 971 275 ’
1192 312 1258 379 m

142 478 238 571 (vide
252 476 416 569 Aeschyl.
436 477 551 572 Agant
572 476 704 571 1343.)
718 490 776 550 aut
789 501 927 567 cavere,
952 503 995 550 ne
1022 481 1136 568 faciat,
1160 483 1257 572 quod
1302 558 1308 571 ⁸

140 583 208 651 iam
223 606 261 651 se
276 582 443 652 facturum
465 606 536 651 esse
558 583 760 668 ostenderit,
785 586 879 654 utin
899 583 1067 677 Sophocl.
1090 585 1144 653 ni.
1169 583 1257 655 386.

140 687 251 784 μηδὲν
270 681 354 777 μέγ’
371 682 490 780 alapa,
516 693 551 752 et
571 686 699 759 Electr.
721 684 807 754 830.
827 688 941 785 μηδὲν
958 683 1042 781 μέγ’
1065 680 1195 783 ἀΰσῃς,
1221 689 1257 759 in

139 811 209 877 qua
228 787 377 856 formula
399 787 480 855 alibi
495 789 676 876 praesentis
688 789 903 879 imperativus
918 799 986 858 estc
1010 789 1089 858 vide
1101 792 1258 883 exempla

139 890 234 981 apud
247 891 458 960 Lobeckium
476 888 521 958 a'd
542 891 654 960 Aiacis
668 892 802 976 locum,
827 892 947 980 quibus
963 891 1055 962 adde
1074 892 1195 983 Odyss.
1213 913 1256 989 ψ.

138 991 201 1061 59.
253 992 326 1062 Sed
335 1020 368 1083 χ.
388 991 475 1066 283.
489 993 650 1061 infinitivo
663 993 775 1061 aoristi
790 994 910 1079 utitur,
935 1017 1005 1062 non
1016 1019 1088 1063 esse
1110 995 1257 1087 posthac

139 1096 357 1188 gloriandum
377 1095 536 1166 indicans.
587 1098 700 1186 Atque
724 1096 923 1164 infinitivum
946 1097 1059 1166 aoristi
1081 1097 1126 1166 de
1147 1122 1184 1166 re
1198 1098 1257 1168 fu-

138 1210 214 1268 tura
235 1199 380 1267 iuvenies
404 1200 505 1267 etiam
523 1198 619 1266 lliad.
641 1227 672 1272 o.
699 1195 784 1267 159.
807 1197 875 1268 00.
900 1226 931 1272 ιι.
948 1198 1035 1267 291.
1057 1227 1088 1272 a.
1110 1198 1197 1268 308.
1222 1210 1258 1270 et
1312 1214 1315 1225 '

138 1302 254 1372 tertiae
269 1325 434 1394 personae
447 1301 691 1391 imperativum,
718 1324 787 1391 quo
802 1303 903 1370 etiam
918 1303 1023 1372 Attici
1036 1326 1138 1395 saepe
1155 1311 1257 1373 utun·

139 1414 208 1489 tur,
234 1432 272 1477 π.
300 1404 386 1474 301.
413 1405 660 1474 coniunctivum
681 1404 779 1472 lliad.
806 1433 834 1477 a.
861 1402 948 1472 684.
975 1434 1000 1477 ι.
1023 1405 1082 1474 33.
1107 1402 1194 1473 522.
1222 1435 1254 1480 ιι.

140 1507 226 1578 238.
247 1517 275 1591 ξ.
291 1507 377 1575 111.
399 1534 429 1580 o.
447 1505 533 1575 115.
551 1527 590 1600 ψ.
605 1506 692 1575 403.
708 1534 747 1579 ω.
761 1502 848 1574 568.
870 1507 965 1597 (ιιιιιιι
979 1503 1099 1604 ὀρίνῃς
1114 1510 1256 1579 aoristus

140 1612 204 1702 est)
228 1610 316 1680 138.
345 1611 469 1683 001.
498 1607 584 1679 251.
619 1612 715 1701 (cum
740 1631 809 1698 quo
838 1610 918 1678 loco
942 1609 1190 1699 comparandus
1217 1609 1255 1678 h.

138 1714 224 1782 Ven.
250 1712 338 1782 291.
353 1715 414 1782 ubi
427 1713 641 1805 imperativus
654 1712 836 1803 praesentis
850 1714 914 1804 est)
938 1739 969 1785 a.
992 1711 1078 1787 229.
1102 1713 1162 1782 ubi
1179 1713 1255 1804 qui·-

140 1815 219 1885 dem
241 1819 429 1908 optativum
446 1814 606 1906 praetulit
625 1815 781 1882 Wolfius.

239 1922 313 1989 lam
356 1918 519 2009 temporis
553 1916 742 1988 discrimine
775 1917 955 1986 constituto
988 1917 1172 1988 videndum
1204 1927 1255 1988 est
1311 1913 1327 1939 ¹

117 2022 239 2090 'etiam
262 2024 307 2091 de
320 2021 436 2090 modo.
487 2023 600 2110 Atque
620 2016 776 2112 apertum
799 2031 858 2104 est,
885 2021 1130 2092 coniunctivum
1148 2022 1256 2114 parti-

137 2126 236 2195 culae
249 2119 302 2218 μή
316 2127 466 2194 iunctum
480 2126 620 2216 proprie
634 2148 704 2193 uon
719 2127 859 2192 vetantis
884 2147 974 2208 esse,
1001 2126 1061 2192 sed
1076 2125 1255 2193 metuentis

136 2226 171 2295 et
186 2229 340 2296 caventis.
391 2228 506 2312 Quare
522 2250 591 2294 non
604 2236 732 2294 tantum
747 2226 791 2294 de
808 2226 974 2310 secunda,
1000 2227 1185 2294 sedetiam
1210 2226 1256 2294 de

134 2330 248 2421 prima
267 2350 412 2419 persona
432 2340 630 2420 usurpatur,
656 2336 694 2396 ut
715 2329 749 2395 in
766 2326 934 2418 Sophocl.
957 2327 1047 2398 Oed.
1070 2327 1147 2398 col.
1167 2325 1254 2398 134.

137 2425 191 2528 μή
208 2427 291 2528 δῆθ’
311 2426 494 2530 οἷᾷιιιηθῶ,
522 2442 556 2500 et
574 2433 618 2501 de
635 2431 750 2516 tertia,
775 2440 812 2498 ut
827 2430 925 2497 lliad.
946 2456 977 2527 p.
1001 2430 1062 2499 93.

122 2601 129 2606 -
238 2562 292 2665 μή
306 2564 361 2648 τίς
376 2593 444 2661 μοι
467 2566 627 2642 Δαναῶν
644 2562 901 2665 νεμεσήσεται,
928 2563 966 2649 ὅς
987 2595 1048 2641 nav
1067 2568 1250 2665 ἴδηται.ν
1375 2588 1378 2593 ·

137 2691 226 2773 Vide
246 2731 277 2777 σ.
301 2702 338 2776 8.
357 2733 394 2799 φ.
411 2702 498 2775 563.
519 2729 545 2773 s.
563 2704 632 2775 00.
652 2733 680 2779 a.
695 2701 781 2772 415.
804 2705 880 2795 (ubi
899 2704 993 2793 quod
1010 2704 1120 2773 statim
1141 2705 1256 2792 sequi·

102 2853 104 2857 ψ
136 2815 208 2892 tur,
233 2808 341 2905 μελέη
360 2808 402 2880 δέ
413 2835 481 2899 μοι
498 2809 642 2881 ἔσσεται
659 2802 766 2905 ὁρμή,
792 2830 861 2875 non
883 2831 902 2876 e
919 2808 1085 2898 particula
1096 2799 1151 2904 μή
1163 2819 1280 2898 pen-'1

138 2910 211 2994 det,
238 2909 299 2978 sed
321 2910 429 2978 solum
452 2934 517 3002 per
541 2934 576 2979 se
603 2913 749 3002 constat)
780 2908 866 2977 467.
892 2911 942 3005 (p.
975 2909 1052 3001 24.)
1076 2935 1107 2980 o.
1133 2908 1193 2983 12.
1222 2906 1254 2983 o.

138 3011 223 3080 334.
272 3012 326 3080 Ac
348 3014 459 3102 prima
482 3014 685 3085 coniunctivi
703 3036 849 3105 persona
869 3036 974 3105 saepe
994 3014 1042 3084 sic
1063 3023 1285 3104 usurpatur‚-
1389 3011 1395 3021 ’

136 3125 174 3183 ut
188 3115 374 3184 admonitio
391 3117 436 3183 ad
456 3117 637 3185 secundam
654 3128 806 3208 spectet,
832 3125 870 3183 ut
885 3115 983 3188 Iliad.
1006 3144 1040 3189 α.
1058 3114 1118 3183 26.
1139 3109 1193 3211 μή
1215 3142 1255 3189 σε

136 3216 271 3309 uexato:
297 3216 374 3286 vide
389 3246 426 3312 φ.
441 3217 527 3286 4Ί5.
542 3218 611 3287 00.
635 3247 673 3313 φ.
691 3219 777 3286 3ἶο.
828 3218 875 3284 Et
891 3219 938 3286 sic
961 3217 1191 3300 etiamter‘oia,
1218 3224 1255 3284 ut

136 3319 170 3388 in
192 3319 411 3412 Pythagorae
430 3321 576 3389 carmine
591 3344 622 3388 v.
643 3315 704 3387 25.

237 3450 291 3553 μή
313 3484 370 3538 τις
389 3451 484 3554 μήτε
506 3450 599 3552 λόγῳ
622 3481 663 3530 σι
675 3450 854 3551 παρείπῃ,
881 3445 976 3547 μήτε
998 3479 1037 3526 τι
1061 3452 1174 3552 ἔργῳ·

134 3591 216 3684 lpsa
238 3592 386 3664 secunda
405 3615 551 3685 persona
571 3593 636 3679 sic,
662 3602 700 3662 ut
715 3599 833 3683 aperte
849 3599 958 3660 metus
972 3598 1102 3661 tantum
1122 3590 1254 3662 indice-

134 3705 206 3783 tur,
232 3697 379 3768 occurrit
399 3696 467 3767 00.
488 3722 524 3770 ιι.
540 3692 627 3769 255.

170 3815 176 3822 ’
236 3826 291 3930 μή
310 3824 517 3929 πολύπικρα
539 3833 599 3905 καὶ
621 3824 707 3905 aino?
729 3829 811 3925 βίας
826 3827 1019 3927 ᾀποτίσιαι
1037 3825 1174 3904 ἐλθών·

134 3969 176 4039 ln
190 3990 260 4061 qno
278 3969 442 4059 loquendi
454 3989 581 4062 genere
602 3989 705 4057 quum
717 3965 938 4035 Buttmannus
957 3967 992 4033 in
1007 3965 1123 4056 quinta
1134 3988 1252 4059 gram-
1319 4017 1320 4021 =

136 4074 280 4143 matioae
295 4073 442 4141 editione
460 4094 497 4163 p.
515 4066 602 4139 536.
624 4070 759 4160 ellipsin
779 4069 873 4138 verbi
893 4077 1020 4137 metum
1036 4069 1252 4159 significantis
1317 4155 1318 4158 Ἴ

135 4197 204 4245 non
224 4176 334 4268 magis
353 4174 571 4245 necessariam
595 4182 654 4240 aut
673 4173 877 4265 superfluam
899 4172 1004 4239 videri
1024 4171 1123 4258 dicit,
1149 4196 1251 4263 quam

134 4278 249 4365 verbi,
274 4301 343 4369 quo
367 4287 486 4369 optare
506 4276 671 4366 aliquem,
697 4275 845 4370 precari,
870 4276 987 4344 iubere
1007 4273 1191 4365 indicetur,
1216 4277 1252 4348 in

185 4381 311 4452 Huun.
337 4378 405 4456 01».
431 4381 459 4449 1.
1029 4377 1056 4447 S
