2826 4904
228 307 291 369 lto
453 303 511 367 DE
536 304 721 367 ELLlPSl
749 303 805 365 ΕΤ
826 302 1112 367 Puuonssuo

227 501 302 549 rum
325 478 428 546 altera
449 475 504 563 id,
530 476 625 565 quod
648 480 691 545 ab
711 487 852 568 utraque
872 485 987 568 parto,
1013 478 1136 563 altera,
1170 477 1268 568 quod
1299 478 1342 549 ab

227 582 319 705 οιιιρί
343 590 440 672 parte
463 589 528 665 est,
560 581 736 709 significat.
793 582 971 650 Proximae
1003 579 1058 648 his
1084 591 1159 647 sunt
1195 576 1281 654 ἀντὶ
1310 593 1343 652 et

227 679 318 780 πρό,
346 706 486 773 quarum
504 680 593 755 α’ντὶ
600 684 656 751 vix
672 693 786 774 potest
805 683 947 751 dubium
962 705 1052 768 esse,
1076 685 1157 771 quin
1169 682 1342 775 significa-

226 796 298 854 tum
320 787 443 854 eodem
465 785 628 853 medoen
649 784 743 859 ἄντα
762 786 950 872 deflexerit,
977 794 1015 854 ut
1031 794 1172 876 utraque
1192 787 1318 897 nctio
1307 810 1342 857 ιιι

226 889 474 981 praepositione
494 883 568 986 προ
590 889 691 957 inest.

215 1120 218 1125 ,
328 1042 422 1119 ἄντα
440 1036 624 1142 παρειάων
649 1043 804 1141 σχομένη
821 1036 958 1137 λιπαραὶ
978 1036 1169 1140 κρήδεμνα.

230 1199 380 1289 Vtraque
402 1221 485 1289 ergo
504 1197 710 1289 praepositio
730 1197 869 1288 proprie
887 1197 1043 1281 notabat,
1069 1195 1163 1286 quod
1184 1203 1264 1265 ante
1279 1195 1342 1263 ali-

229 1325 331 1390 quam
345 1302 394 1370 rei
408 1301 592 1390 cuiuspiam
611 1310 742 1391 partem
756 1310 849 1369 esset
900 1299 1053 1386 Denique
1065 1292 1163 1391 μετα
1175 1298 1340 1391 designat,

228 1427 331 1492 quam
351 1403 489 1494 proprie
504 1405 813 1494 participationem,
839 1401 877 1469 id
891 1411 939 1468 est
953 1403 1224 1470 communionem
1238 1402 1342 1494 partis

228 1508 384 1579 dicimus:
410 1528 479 1595 quo
495 1531 514 1573 a
527 1507 776 1597 praepositione
791 1498 855 1576 σδν
870 1504 1003 1589 (Effert,
1029 1527 1116 1592 quae
1131 1504 1230 1596 quod
1242 1506 1341 1574 totius

228 1612 277 1678 rei
298 1631 374 1678 curn
399 1611 523 1677 aliare
547 1611 813 1679 coniunctionem
833 1607 1013 1697 significat,
1046 1631 1114 1676 non
1141 1610 1342 1678 construitur

228 1736 306 1783 cum
326 1714 493 1804 genitivo:
523 1735 609 1801 quae
632 1735 684 1779 res
701 1711 792 1780 clara
812 1712 874 1778 erit
894 1711 997 1778 verba
1016 1712 1183 1802 μετέχειν
1198 1721 1234 1779 ct
1251 1738 1341 1784 συν-

228 1817 342 1905 έχειν,
384 1818 516 1904 aliaque
539 1814 662 1882 horum
687 1815 806 1881 similia
840 1815 1059 1903 comparanti.
1118 1814 1234 1897 Quum
1256 1836 1340 1906 ergo

227 1919 390 2011 genitivus
406 1920 441 1984 in
463 1920 615 1985 omnibus
636 1917 689 1984 his
712 1917 1011 1986 constructionibus
1031 1917 1120 2006 parti
1139 1916 1342 1988 indicandae

227 2020 396 2105 inserviat,
429 2020 531 2088 facile
559 2028 607 2087 est
628 2020 832 2111 intelligere,
862 2020 920 2107 qui
941 2020 1068 2088 sactum
1094 2019 1151 2105 sit,
1177 2030 1217 2089 ut
1238 2043 1341 2112 prac-

162 2124 412 2215 139positiones
431 2125 529 2209 istae,
563 2147 673 2211 quae,
706 2132 744 2189 ut
766 2144 881 2189 omnes
909 2122 1191 2212 praepositiones,
1223 2133 1342 2192 natura

227 2252 286 2296 sua
305 2226 391 2294 nihil
413 2227 473 2293 nisi
497 2226 658 2294 adverbia
687 2235 777 2312 sunt,
819 2225 1002 2316 genitivum
1033 2226 1096 2293 sibi
1123 2226 1341 2296 vindicarent.

225 2333 332 2415 Nam,
363 2338 400 2396 ut
432 2331 492 2396 ista
514 2330 670 2419 exempla
694 2337 864 2419 repetam,
898 2351 984 2416 quae
1016 2350 1119 2418 supra
1148 2331 1262 2415 attuli,
1296 2324 1341 2404 δι’

89 2440 97 2451 '
225 2431 375 2513 clocides
400 2427 512 2522 ἦλθεν
535 2432 634 2525 ἔγχος
651 2433 736 2520 quid
765 2440 816 2499 est
839 2431 948 2516 aliud,
974 2454 1076 2520 quam
1102 2432 1203 2526 ἔγχος
1228 2428 1341 2531 ἦλθεν

227 2533 375 2615 ἀσπίδος
397 2562 479 2615 ποι,
506 2534 543 2601 id
562 2544 627 2620 est,
652 2535 743 2602 venit
767 2534 811 2600 ad
837 2535 984 2622 aliquam
1006 2535 1108 2626 clipei
1127 2546 1280 2626 partem,
1308 2543 1343 2605 ct

224 2640 273 2706 ibi
295 2637 434 2726 quidem
460 2632 521 2712 διαί
530 2691 545 2726 ,
571 2637 691 2720 idest,
717 2637 764 2704 sic
777 2646 814 2702 ut
825 2647 1026 2726 penetraret
1075 2637 1174 2705 lta
1147 2666 1242 2712 αντα
1262 2665 1341 2711 πα-

227 2734 359 2836 ρειιέων
384 2741 538 2862 σχομένη
562 2733 743 2861 κρήδεμνα
765 2738 850 2807 nihil
872 2749 936 2826 est,
962 2741 1022 2809 nisi
1042 2735 1225 2838 κρήδεμνα
1248 2767 1340 2832 σχο-

225 2844 314 2939 μένη
328 2865 513 2936 παριιααν
532 2835 604 2964 rupti
612 2895 626 2929 ,
652 2849 687 2909 et
713 2841 902 2930 quidem
876 2872 970 2916 αντα
978 2898 992 2932 ,
1019 2845 1112 2932 quod
1135 2846 1233 2915 aliter
1248 2844 1342 2914 dicas

226 2937 412 3036 παρειάων
429 2947 466 3016 ἐν
483 2942 536 3037 τῷ
550 2940 654 3041 ἄντα
705 2945 759 3012 Ex
775 2945 827 3012 his
842 2945 943 3014 facile
954 2947 1080 3038 poterit
1094 2947 1250 3041 intelligi,
1271 2969 1343 3016 non

226 3045 390 3114 diversam
413 3069 482 3112 esse
500 3052 708 3114 caeterorum
728 3047 965 3117 adverbiorum
982 3050 1227 3136 conditionem,
1251 3072 1342 3139 quae

98 3191 101 3195 -
225 3170 304 3219 cum
327 3147 474 3239 genitivo
497 3157 738 3218 construuntur.
789 3151 859 3220 Sed
880 3154 1007 3222 clarum
1030 3164 1078 3222 est
1092 3154 1192 3222 etiam
1210 3177 1252 3224 ex
1269 3153 1340 3225 hac

215 3253 468 3342 explicatione,
509 3252 677 3340 adverbii,
724 3277 792 3343 quo
824 3257 958 3324 nomine
987 3256 1045 3328 hic
1073 3257 1341 3349 praepositiones

180 3386 183 3399 ι
223 3377 360 3449 quoque
381 3355 715 3444 comprehendimus,
747 3381 902 3428 nonesse
925 3360 1019 3426 aliud
1041 3359 1208 3444 officium,
1236 3383 1340 3451 quam

223 3466 261 3524 ut
281 3457 440 3544 modum,
472 3459 604 3544 locum,
636 3469 788 3549 tempuS,
820 3462 877 3529 vel
905 3462 1070 3552 quidquid
1095 3463 1248 3532 adverbii
1276 3487 1339 3535 cu-

220 3560 339 3648 iusque
361 3560 603 3652 significatione
624 3565 828 3646 continetur,
863 3563 1015 3653 adiiciat,
1048 3588 1117 3633 non
1138 3575 1252 3635 autem
1273 3590 1338 3660 gc-

222 3664 361 3731 nitivum
387 3665 457 3731 sine
479 3665 639 3732 adverbio
668 3664 753 3732 nihil
788 3665 892 3757 plane
921 3617 1120 3759 significare
1178 3669 1280 3741 Haec
1313 3669 1339 3737 si

223 3789 303 3835 vera
316 3771 417 3851 sunt,
456 3767 538 3856 quid
564 3787 650 3855 opus
675 3750 744 3835 erit'
764 3771 1019 3860 praepositionis
1048 3772 1262 3843 omissionem
1293 3771 1337 3842 ad

221 3870 381 3938 auxilium
404 3892 545 3955 vocare,
585 3869 645 3937 ubi
666 3872 801 3940 verba
793 3896 865 3963 ipsa
888 3896 966 3941 cum
990 3876 1137 3966 genitivo
1158 3878 1337 3947 commeta

221 3974 298 4039 satis
321 3973 483 4056 indicent,
511 3996 598 4061 quae
615 3973 656 4039 sit
672 3975 809 4066 genitivi
828 3977 1057 4067 significatio?¹
1077 3979 1181 4047 Hoc'
1171 3980 1278 4072 rgitur
1293 4002 1336 4047 au

220 4074 266 4141 ita
281 4077 340 4161 sit,
366 4097 455 4144 nunc
468 4074 652 4143 videndum
667 4087 725 4145 est.
778 4078 881 4161 Quod
901 4080 948 4148 sic
965 4081 1145 4166 faciemus,
1173 4092 1211 4151 ut
1223 4083 1335 4151 diver-

220 4197 274 4246 sos
298 4200 388 4266 usus,
414 4200 499 4268 quos
521 4176 627 4245 habet
646 4180 826 4270 genitivus,
865 4181 984 4251 ordine
1008 4207 1260 4273 enumeremuS,
1291 4185 1337 4254 si·

219 4279 374 4369 mulque,
400 4281 576 4370 quomodo
599 4282 682 4352 alius
704 4306 745 4353 ex
761 4285 827 4353 alio
844 4295 935 4357 ortus
951 4287 1006 4373 sit,
1034 4287 1257 4360 ostendamus.

856 4418 870 4451 Ι
