2826 4904
464 256 727 349 memnon
755 285 940 348 muevn
1190 288 1253 354 rsa

134 459 231 552 quod
259 460 295 528 in
323 482 404 528 vera
427 460 537 550 ellipsi
562 458 619 546 id,
645 458 739 552 quod
761 460 908 552 intelligi
937 460 1058 547 dehet,
1089 484 1253 550 nusquam

134 566 276 634 dicitur:
301 564 508 655 aposiopesis
523 572 636 630 autem
651 586 692 630 eo
715 563 855 652 quidem
872 588 950 634 curn
963 563 1075 653 ellipsi
1087 568 1253 650 convenit,

134 667 229 758 quod
252 667 287 734 in
313 677 457 757 utraque
478 666 606 756 aliquid
626 688 762 756 prorsus
784 667 955 751 omittitur,
981 666 1042 735 sed
1059 666 1190 736 diversa
1206 681 1255 736 est

134 772 178 839 ab
200 770 312 862 ellipsi
334 791 395 857 eo,
421 769 518 860 quod
545 770 580 835 in
606 769 717 860 ellipsi
737 768 867 860 aliquid
887 771 933 838 ob
953 770 1117 839 rationem
1137 794 1255 863 gram-

133 875 311 958 maticam,
352 875 401 941 in'
419 872 613 963 aposiopesi
641 873 687 939 ob
716 871 921 941 rhetoricam
954 874 1128 941 rationem.
1149 876 1254 942 abest.

134 977 286 1047 Dicimus
305 999 389 1045 vero
412 975 668 1068 grammaticam
690 976 872 1061 rationem,
899 999 967 1065 qua
990 976 1118 1064 aliquid
1140 978 1188 1046 sio
1209 977 1271 1053 ad.

134 1080 332 1148 sententiam
355 1079 467 1164 deest,
492 1087 531 1145 ut
554 1079 661 1147 oratio
690 1077 736 1145 ad
757 1102 854 1146 usum
878 1079 1015 1170 linguae
1036 1080 1168 1171 integra
1189 1080 1255 1147 ha-

133 1184 272 1263 beatur;
297 1182 503 1252 rhetoricam
527 1191 657 1268 autem,
683 1182 836 1270 quasis,
861 1192 899 1259 llt
922 1205 966 1250 ne
989 1182 1034 1249 ad
1057 1185 1256 1274 grammati-

136 1309 215 1357 cum
239 1286 380 1375 quidem
406 1308 504 1354 usum
528 1287 636 1353 oratio
656 1278 790 1376 integra
817 1287 867 1353 sit.
927 1285 1017 1353 Hinc
1045 1286 1255 1378 intelligitur,

134 1390 386 1482 aposiopesin,
401 1389 462 1457 ubi
490 1411 555 1456 usu
578 1390 713 1456 omissio
741 1389 790 1457 sic
821 1388 966 1480 probata
988 1389 1104 1477 fuerit,
1139 1400 1177 1459 ut
1210 1389 1257 1457 ad

135 1494 372 1585 grammaticas
392 1492 489 1585 leges
513 1489 600 1558 nihil
621 1491 803 1560 desiderari
822 1494 1043 1575 existimetur,
1067 1493 1102 1561 in
1122 1493 1257 1584 ellipsin

135 1597 246 1682 verti,
271 1596 375 1664 veluti
393 1597 428 1663 in
449 1594 598 1663 formula
612 1599 648 1667 εἴ
662 1593 690 1667 d'
705 1593 789 1687 ἄγε,
814 1595 850 1661 1ιι
871 1619 939 1683 qua
961 1594 1161 1683 explicanda
1177 1597 1255 1663 uol-

135 1701 205 1768 lem
226 1699 450 1782 SchaeferuS‚
475 1698 572 1788 quod
590 1700 688 1765 toties
709 1721 788 1765 eum
810 1698 928 1765 fecisse
949 1697 1121 1783 dolemus,
1147 1699 1256 1766 lecto-

136 1826 190 1870 res
210 1827 326 1871 veram
349 1803 399 1869 rei
422 1803 587 1868 rationem
610 1800 727 1869 doceri
755 1801 898 1891 cupidos
928 1799 1145 1881 destituisset3
1178 1803 1256 1868 nol-

137 1906 205 1973 lem
221 1907 322 1974 etiam
343 1903 516 1993 Hcyuium
527 1902 817 1997 reprehendisset,
843 1903 1011 1975 verissime
1031 1902 1160 1977 dehac
1181 1905 1255 1987 for-

136 2009 231 2078 mula
249 2009 465 2081 iudicantem.

298 2257 361 2318 ΙΙΙ.
385 2227 490 2334 Quid
506 2276 581 2339 per
603 2257 777 2339 ellipsin
799 2258 939 2318 omitti
957 2260 1100 2341 poerit.

242 2413 348 2499 Quod
363 2415 391 2482 si
405 2414 561 2505 ellipseos
581 2413 722 2503 propria
744 2423 793 2482 est
806 2416 891 2483 ratio
906 2388 1145 2506 grammatica,
1171 2439 1260 2505 quae

136 2516 248 2611 posita
278 2518 387 2586 estin
410 2540 469 2602 eo,
503 2527 540 2585 ut
564 2517 691 2602 oratio,
724 2518 851 2585 etiamsi
874 2519 1003 2606 aliquid
1025 2521 1185 2588 omissum
1206 2521 1260 2605 sit,

136 2623 269 2712 integra
291 2645 363 2689 esse
386 2630 577 2707 censeatur,
603 2622 684 2709 quia
704 2620 759 2706 id,
792 2622 888 2711 quod
913 2624 1071 2691 omissum
1100 2633 1167 2710 est,
1198 2647 1260 2692 ne-

139 2726 281 2795 cessario
304 2735 417 2792 tamen
436 2724 583 2815 intelligi
602 2723 743 2810 debeat,
769 2734 806 2792 ut
828 2748 896 2822 (pro
912 2749 981 2793 uon
994 2727 1167 2795 intellecto
1183 2750 1262 2796 sen·

139 2829 242 2895 tentia
258 2829 352 2895 nulla
373 2829 487 2895 futura
506 2827 561 2894 sit:
587 2826 772 2895 videndum
793 2838 859 2913 est,
885 2828 1057 2918 quidhoc
1078 2831 1136 2916 sit,
1162 2831 1258 2920 quod
1266 2837 1329 2900 1⁰5
1355 2854 1360 2923 j

137 2931 174 2997 in
187 2954 320 3021 quaque
333 2931 494 2999 sententia
505 2953 615 3020 neque
628 2931 676 2997 ita
689 2931 730 2997 sit
742 2933 981 3018 necessarium,
1007 2945 1045 3002 ut
1063 2956 1132 3002 uon
1152 2936 1261 3025 possit

141 3033 266 3120 omitti,
291 3058 401 3122 neque
424 3035 471 3101 ita
494 3033 721 3126 superfluum,
749 3043 787 3101 ut
811 3037 968 3103 omissum
995 3060 1064 3105 non
1087 3037 1262 3105 desidere-

138 3147 202 3204 tur.
253 3137 295 3205 In
316 3139 376 3205 tali
400 3159 515 3207 caussa
537 3137 723 3226 quistatim
745 3137 790 3204 ad
810 3161 907 3206 usum
927 3147 963 3206 et
985 3139 1262 3208 consuetudinem
1344 3178 1348 3184 ·

140 3239 360 3332 confugiunt,
393 3263 462 3308 ιιοιι
483 3238 616 3323 vident,
658 3241 759 3308 etiam
785 3262 884 3308 usum
907 3242 1110 3329 quibusdam
1140 3241 1262 3308 adstri-

140 3352 233 3414 ctum
252 3366 323 3411 esse
340 3320 492 3434 legibus:
520 3364 603 3431 quas
624 3340 683 3407 ille
704 3364 810 3430 quum
830 3342 959 3411 violare
985 3351 1149 3432 nequeat,
1163 3344 1262 3413 liber

140 3456 192 3515 est
212 3448 355 3514 tamen'
346 3470 382 3514 m
404 3445 477 3530 his,
503 3468 590 3536 qnae
610 3465 675 3533 per
696 3446 770 3563 illas
792 3445 888 3537 leges
913 3445 1005 3513 licita
1031 3453 1116 3520 suut
1180 3449 1261 3520 Hoc

138 3549 239 3634 dico,
271 3572 377 3639 quum
408 3550 578 3638 quaedam
606 3548 753 3632 siut,in
780 3550 901 3637 quibus
923 3549 1048 3643 ellipsis
1066 3574 1143 3620 ιιοιι
1157 3552 1264 3642 possit

139 3675 236 3738 esse,
260 3653 296 3719 in
310 3652 365 3720 his
380 3653 545 3739 tamen,
536 3675 571 3718 ιιι
586 3653 708 3741 quibus
722 3651 853 3720 admitti
871 3663 1001 3744 potest,
1027 3655 1108 3722 alias
1130 3654 1263 3743 ellipses

138 3778 205 3824 usu
225 3758 386 3846 probatas
405 3756 566 3847 reperiri,
591 3757 671 3822 alias
697 3757 897 3847 repudiatas.
947 3759 1020 3826 Nos
1040 3757 1179 3847 quidem
1194 3778 1263 3827 non

139 3858 279 3945 dehis,
305 3883 394 3949 quae
415 3881 485 3926 non
501 3867 661 3950 receptae
683 3871 774 3943 sunt,
809 3859 869 3928 llio
891 3859 1071 3928 dicendum
1094 3868 1262 3951 putamuS,

139 3961 202 4030 sed
224 3962 270 4029 de
290 3963 373 4048 illis,
400 3985 483 4051 quas
497 3963 607 4031 nullus
627 3962 740 4051 potuit
759 3984 837 4030 usus
856 3962 1053 4032 adsciscere.

244 4065 305 4134 Vis
335 4067 444 4135 omnis
474 4074 508 4132 et
529 4065 630 4154 copia
652 4064 809 4132 orationis
836 4065 873 4132 in
892 4087 934 4132 eo
958 4065 1182 4156 expromitur,
1224 4077 1263 4136 ut
1285 4139 1286 4144 ,

139 4169 389 4240 enunciatioues
413 4168 621 4251 formentur,
647 4190 730 4257 quas
759 4169 826 4236 alio
847 4167 982 4236 nomine
1004 4169 1179 4236 sententias
1197 4192 1262 4261 ap-
1354 4165 1358 4176 '

139 4272 320 4363 pellamus.
387 4272 522 4345 Harum
544 4270 644 4338 valde
672 4271 813 4361 simplex
835 4279 955 4338 natura
977 4281 1035 4340 est.
1101 4271 1263 4344 Constant
