2826 4904
432 86 444 150 l

178 331 305 392 ,ΑΒΕ
375 330 669 391 ΡΟΕΒΕΟὸ
729 331 1131 396 ,Grussurssvs
1216 337 1257 399 21

149 526 190 571 ea
203 526 224 569 a
241 500 451 594 philosopho
468 502 635 594 exigenda
648 510 696 570 est
706 524 848 592 poeseos
861 525 1024 594 generum
1037 503 1209 594 expositio,
1225 505 1258 571 in

147 629 214 695 qua
236 616 374 674 cunctae
393 606 577 674 carminum
599 604 801 674 diversitates
824 615 1075 690 enumerentur,
1100 606 1202 695 quod>
1216 631 1259 674 ne

146 709 220 776 lieri
235 708 374 797 quidem
395 717 507 799 potest
526 708 561 774 in
581 732 618 776 re
633 709 827 789 arbitraria3⁴
844 710 948 778 immo
964 731 1006 775 ne
1024 709 1110 776 illud
1122 709 1259 797 quidem

145 812 217 878 iure
229 813 432 901 postulatur,
457 807 495 880 ul
507 811 693 901 potissimas
711 810 906 896 divisiones,
932 820 966 879 et
978 835 1065 899 quae
1078 812 1259 903 plurimum

144 914 307 982 momenti
323 913 367 981 ad
383 915 459 981 artis
478 915 734 1005 explicationem
752 914 910 1000 afferant,
930 924 1130 1004 pertractet,
1150 915 1259 982 sedin

145 1016 215 1087 hoc
231 1017 304 1084 solo
317 1017 385 1084 eius
400 1016 585 1086 continetur
599 1017 768 1102 officinm,
794 1026 831 1084 ut
845 1040 904 1102 ea,
930 1039 1016 1105 quae
1030 1040 1071 1085 ex
1086 1017 1158 1108 ipsa
1171 1039 1258 1108 poe-

145 1143 220 1187 seos
239 1130 358 1186 natura
378 1120 521 1187 derivari
543 1129 704 1210 possunt,
732 1122 833 1210 plene
856 1128 891 1187 et
911 1120 1090 1211 perspicue
1113 1130 1260 1211 exponat

146 1232 248 1311 atque
255 1223 411 1289 illustret
451 1215 599 1311 Reliqira
615 1223 725 1289 omnia
741 1222 868 1290 etiamsi
881 1224 937 1320 vel
950 1224 1113 1314 gravitate
1125 1225 1180 1291 vel
1192 1223 1258 1290 nti-

138 1325 238 1392 ·litate
251 1324 393 1392 maxima
407 1326 489 1410 sint,
511 1349 532 1392 a
545 1323 784 1416 philosophia,
805 1325 859 1394 cui
874 1326 1047 1393 materiam
1061 1325 1259 1416 disputatio-

144 1430 246 1512 num,
271 1450 341 1494 non
360 1450 504 1510 caussas,
531 1429 575 1496 ab
596 1429 798 1519 experientia
813 1451 942 1496 sumere
962 1429 1057 1513 licet,
1084 1428 1131 1495 ad
1152 1428 1259 1496 histo·

144 1532 230 1598 riam
246 1530 371 1598 debent
382 1531 566 1598 transmitti.
611 1531 743 1616 Quodsi
759 1554 801 1598 ex
813 1555 880 1600 una
894 1553 1037 1622 poeseos
1049 1532 1185 1599 notione
1202 1541 1259 1598 to-

138 1642 215 1700 tam
227 1632 318 1702 hanc
330 1656 494 1724 generum
509 1635 578 1701 eius
591 1634 879 1726 investigationem
891 1635 1077 1726 proficisci,
1104 1634 1139 1699 in
1152 1657 1259 1722 caque

137 1736 205 1804 -niti
219 1745 370 1826 oportet,
394 1737 608 1826 intelligitur,
628 1737 713 1805 duos
726 1737 826 1804 fnisse
840 1738 988 1804 omnium
1001 1759 1167 1822 errorum,
1183 1738 1260 1827 qui-

145 1841 208 1908 bus
221 1839 309 1909 haec
323 1839 565 1930 philosophiae
580 1863 658 1931 pars
671 1841 837 1924 abundat,
855 1840 965 1907 fontes
979 1849 1012 1908 et
1023 1862 1169 1920 caussas3
1187 1841 1259 1931 pri·

138 1967 255 2028 mam,
273 1942 386 2031 quod,
401 1943 484 2032 quid
498 1953 584 2010 esset
594 1945 723 2035 poesiS,
742 1943 894 2034 plerique
909 1965 978 2010 non
991 1944 1067 2010 satis
1076 1966 1260 2035 perspexe-

137 2047 219 2131 rint,
236 2045 386 2131 alteram,
403 2046 498 2135 quod
514 2049 667 2138 exempla
677 2057 856 2137 poetarum
870 2048 988 2138 magis,
1004 2071 1106 2135 quam
1115 2069 1259 2137 poeseos

118 2185 120 2192 v
143 2157 314 2234 naturam,
344 2150 576 2239 spectaverint.
627 2151 741 2238 Atque
761 2173 780 2217 e
801 2150 938 2216 notione
954 2149 1093 2237 quidem
1115 2170 1259 2238 poeseos

136 2253 204 2340 *qui
220 2259 337 2339 petere
366 2260 549 2340 potuerunt
573 2273 669 2317 veras
689 2252 836 2339 partium
860 2250 929 2315 eius
952 2250 1261 2341 distinguendamm

143 2373 294 2436 caussas,
319 2373 422 2438 quam
435 2351 589 2441 plerique
607 2374 779 2436 mancam,
806 2352 945 2440 quidam
961 2352 1049 2419 adeo
1063 2353 1182 2420 falsam
1194 2352 1259 2419 ha·
1317 2345 1322 2353 ’

135 2457 282 2538 -berent,
310 2463 347 2521 ut
363 2475 429 2544 pro
452 2454 544 2521 nulla
565 2453 670 2521 esset?
708 2454 814 2537 Quod
838 2454 945 2521 minus
966 2453 1090 2521 horum
1112 2454 1260 2524 virorum

107 2598 109 2602 ι
135 2556 335 2641 subtilitati,
364 2554 465 2645 qua'nr
487 2556 558 2623 fato
580 2547 801 2646 fortunaeque
824 2556 1059 2646 imputandum
1083 2567 1147 2642 est,
1173 2579 1260 2646 quae

143 2660 266 2728 harum
285 2681 423 2748 quoque
441 2682 553 2727 rernm
572 2660 744 2730 scientiam
765 2659 809 2726 ad
827 2660 1086 2728 recentissimam
1103 2660 1259 2751 philoso-

144 2763 248 2856 phiae
279 2763 576 2833 commutationem
596 2762 738 2831 distulit.
797 2762 856 2831 Sic
884 2764 943 2851 qui
970 2765 1026 2831 vel
1050 2774 1178 2849 metro,
1202 2765 1259 2832 vel

136 2865 345 2955 imitatione,
370 2866 427 2933 vel
442 2866 578 2935 fictione
586 2905 603 2950 ,2
622 2868 678 2934 vel
701 2866 816 2934 lurore
838 2866 1019 2954 quodam,¹
1033 2866 1088 2935 vel
1110 2868 1259 2935 oratione

137 2969 190 3037 ad
211 2970 338 3036 animos
361 2968 625 3038 commovendos
646 2969 921 3054 accommodata,
950 2970 1006 3036 vel
1024 2970 1120 3036 variis
1136 2970 1258 3037 harum

140 3095 257 3156 rerum
270 3073 555 3162 coniunctionibus
576 3075 695 3162 poesin
706 3073 872 3143 ‘contineri
890 3072 1129 3157 existimarunt,
1156 3095 1258 3161 quam

143 3198 263 3267 pravas
283 3175 363 3253 inde
386 3185 486 3263 atque
506 3175 637 3242 inutiles
657 3176 881 3243 distinctiones
899 3174 1088 3258 hauserint,
1113 3175 1258 3265 plurima

137 3287 271 3345 exstant
283 3278 493 3347 documenta.
525 3277 610 3344 Inde
626 3287 692 3362 est,
741 3278 812 3345 uod
827 3278 1039 3360 Aristoteles,
1058 3277 1117 3364 qui
1132 3278 1166 3343 in
1180 3277 1257 3344 irni-

143 3381 267 3447 tatione
279 3381 504 3472 poesinsitam
519 3380 758 3463 arbitrabatur,
775 3378 1024 3469 Empedoclem
1038 3389 1177 3469 poetam
1186 3389 1257 3449 esse

142 3493 300 3574 negaret,
327 3506 436 3571 eoque
449 3483 628 3550 maximam
646 3493 779 3573 partem
800 3482 989 3550 didacticae
1000 3504 1143 3572 poeseos
1155 3486 1257 3575 plane

136 3587 286 3654 tolleret.
338 3587 561 3654 Imitationem
579 3586 667 3654 enirn
679 3587 714 3652 in
734 3584 949 3676 hocgenere
962 3586 1091 3652 nullam
1105 3585 1256 3674 reperie-

108 3707 112 3716 “
141 3689 218 3773 bat,
247 3689 423 3776 quoniam,
448 3698 485 3757 nt
499 3683 664 3779 putabat,
685 3711 744 3756 eos
756 3697 885 3755 tanturn
902 3688 1109 3759 imitarentur
1121 3695 1256 3777 poetae,

141 3792 200 3880 qui
214 3791 341 3880 aliquid
361 3801 509 3883 agerent.
541 3792 730 3880 Quaeipsa
747 3791 860 3882 opinio
876 3790 998 3858 deinde
1012 3814 1090 3858 eum
1106 3789 1255 3874 adduxit,

140 3905 194 3980 ut,
222 3916 327 3982 quum
347 3918 422 3979 eos,
447 3893 654 3984 qnialiquid
672 3888 828 3985 agerent,
855 3892 926 3961 hoc
942 3885 1079 3961 differre
1094 3901 1256 3975 censeret,

141 3997 237 4087 quod
253 3997 309 4064 alii
322 3998 443 4065 similes
457 4007 564 4074 essent
578 4019 705 4081 eornm,
721 3997 837 4086 quales
848 3997 1003 4087 plerique
1013 4004 1098 4080 sunt,
1113 3995 1170 4062 alii
1180 4018 1255 4062 me-

135 4101 264 4186 lioreS,
288 4100 345 4168 alii
360 4100 557 4185 deteriores,
575 4122 717 4184 eorum,
743 4101 802 4188 qui
814 4101 972 4166 meliores
989 4106 1118 4184 essent,
1144 4098 1254 4166 imita-

140 4203 268 4272 tionem
280 4202 503 4296 tragoediam,
517 4203 577 4291 qui
590 4202 790 4286 deteriores,
806 4201 1020 4271 comoediam
1032 4222 1102 4268 esse
1117 4201 1253 4270 diceret.

141 4305 240 4378 Idem
253 4306 450 4377 Aristoteles
463 4326 504 4374 ex
518 4304 639 4374 eadem
649 4327 773 4392 caussa,
781 4327 849 4398 qua
855 4303 1020 4396 insignem
1025 4313 1157 4395 partem
1165 4306 1262 4397 poe-¹
