2826 4904
229 252 235 271 ’
271 250 452 355 unosnu
478 285 536 349 uu
562 283 799 349 ronmcun
828 283 1100 346 onarroms.
1186 286 1250 350 ua

134 480 283 550 quorum
298 458 440 527 altermn
450 450 568 527 iniuria
581 459 765 543 eiecerunt,
791 458 935 526 altemm
946 465 1115 526 mutarunt
1133 457 1249 544 critici,

134 565 230 635 clare
253 561 490 630 demonstrant
541 561 686 631 Accedit
710 560 843 652 quod
833 584 868 628 rn
899 561 1051 652 plurimis
1075 560 1168 629 libris
1181 554 1257 629 non

136 666 315 739 στένουσα
335 672 406 748 est,
431 661 493 731 sed
514 666 689 738 στένουσι.
749 664 881 748 Quare,
914 673 951 733 ut
973 664 1068 732 brevi
1089 686 1249 756 compre-

136 767 305 851 hendam,
338 774 468 834 tantum
490 767 603 851 abest,
634 768 700 834 ut
691 789 726 834 m
741 765 882 856 stropha
901 767 1030 857 aliquid
1051 766 1251 837 eiicieudum

135 873 196 956 sit,
222 871 281 938 ut
272 893 308 937 ιιι
330 868 540 960 antistropha
563 868 618 952 id,
643 868 737 958 quod
757 870 863 937 verbo
883 870 934 936 illi
956 869 1045 938 male
1064 871 1175 940 eiecto
1194 892 1251 938 re-

136 973 293 1065 spondit,
319 972 489 1042 exciderit
540 972 658 1061 ltaque
677 981 807 1040 servata
822 973 985 1040 libromm
998 972 1163 1057 lectione,
1188 993 1248 1040 co·

135 1077 223 1170 pula
236 1076 280 1143 ab
303 1075 454 1167 epitheto
468 1074 514 1142 ad
530 1077 670 1143 verbum
684 1074 917 1158 transferetur,
942 1074 1012 1144 hoc
1026 1074 1149 1143 modo:

290 1204 655 1306 μεγαλοσχήμονά
615 1238 638 1283 τ
676 1207 928 1332 ἀρχαιοπρεπῆ
1018 1286 1024 1305 x
1258 1205 1302 1268 ⁸2

293 1315 315 1363 *
366 1314 389 1365 *
440 1314 462 1363 *
513 1306 844 1388 σιένοοοιιανσοῖν

292 1409 566 1510 ξυνομαιμόνων
585 1443 628 1488 τι
651 1414 774 1511 ιίμαν.

137 1551 314 1625 Credibile
344 1565 393 1622 est
421 1576 545 1621 nomen
564 1552 688 1643 populi
712 1553 898 1645 cuiuspiam
920 1554 1096 1622 interiisse:
1131 1576 1252 1642 quam-

138 1680 242 1746 quam
260 1680 303 1724 ne
326 1658 501 1730 στένουσα
523 1654 664 1744 quidem
692 1656 919 1724 damnandum
948 1666 1015 1740 est,
1056 1656 1083 1722 si
1114 1656 1253 1745 quidem

137 1761 331 1851 nongentis
348 1782 491 1843 nomen,
516 1758 577 1825 sed
595 1759 737 1827 verbum
757 1759 802 1826 ad
817 1753 916 1855 χώρα
933 1760 1102 1850 pertinens
1120 1758 1252 1829 excidit

138 1863 262 1932 Paullo
283 1874 361 1956 post
379 1862 493 1929 similis
506 1861 602 1930 locus
617 1869 666 1928 est
679 1861 723 1928 de
736 1862 894 1947 Atlante,

601 1996 641 2079 ὃς
656 1999 735 2073 αἰὲν
757 1996 937 2096 ὑπέροχον
960 2001 1089 2081 σθένοι

292 2095 468 2218 κραταιόν
488 2093 663 2222 ον’(νοῖνιόν
685 2130 726 2177 τε
748 2097 861 2176 πόλον

295 2229 421 2283 νωιοις
433 2197 674 2286 ὑποστενάζει.

72 2363 76 2368 ·
138 2339 182 2406 ln
208 2304 328 2425 quibus
351 2337 461 2404 verbis
488 2358 556 2402 non
576 2335 682 2404 modo
703 2335 808 2423 haec,
833 2331 1011 2433 κραταιόν
1028 2329 1199 2410 ου’νοένιόν
1214 2363 1256 2410 τι
1344 2342 1371 2385 ‘¹

138 2433 255 2513 πόλον
264 2493 278 2526 ,
304 2439 424 2507 merito
440 2439 682 2528 displicebunt,
708 2441 768 2508 scd
787 2441 917 2530 reliqua
934 2442 1035 2509 etiam
1055 2440 1166 2508 omnia
1186 2460 1256 2528 quo

139 2552 245 2635 pacto
275 2541 331 2609 vel
359 2541 580 2611 construenda
608 2543 689 2627 sint,
730 2544 786 2611 vel
817 2543 961 2635 intelligi
988 2551 1130 2633 queant,
1162 2541 1257 2610 haud
1335 2548 1358 2577 '·

142 2647 243 2714 facile
260 2647 438 2735 quisquam
452 2645 677 2736 explicaverit.
728 2647 849 2736 Neque
865 2646 952 2715 enim
968 2646 1114 2715 dubitari
1133 2652 1256 2736 potest,
1281 2665 1283 2669 ’
1307 2660 1318 2674 “

141 2749 222 2837 quin
242 2746 329 2816 haec
346 2751 393 2816 ita
415 2758 574 2841 corrupta
586 2750 666 2834 sint,
691 2758 729 2817 ut
751 2749 820 2820 siue
834 2751 998 2818 librorum
1017 2750 1112 2817 novis
1131 2747 1257 2816 auxiliis
1313 2756 1319 2769 ’

141 2851 196 2918 vix
217 2861 340 2940 queant
367 2851 483 2918 sanari.
540 2853 710 2941 Equidem
733 2877 777 2921 ue
805 2853 840 2920 in
866 2853 946 2925 loco
974 2853 1105 2947 saepius
1133 2852 1257 2920 frustm

141 2964 267 3022 tentato
280 2954 418 3022 nimium
429 2955 575 3023 tribuere
590 2956 787 3025 coniecturis
798 2957 934 3042 videar,
957 2979 1026 3024 non
1047 2965 1117 3023 tam
1139 2977 1255 3025 emen·
1328 2970 1330 2974 ’

142 3055 226 3124 dare
239 3079 334 3141 eum,
360 3082 464 3177 qpam
477 3058 679 3127 emendandi
693 3060 782 3128 viam
800 3061 977 3128 ostendere
992 3059 1152 3131 conabor.
1191 3059 1257 3125 At·

141 3182 210 3248 que
232 3159 319 3228 illud
342 3161 490 3251 primum
515 3162 616 3231 facile
647 3184 843 3251 persuasero
866 3163 922 3248 iis,
963 3164 1021 3252 qui
1049 3161 1256 3252 tragicorum

142 3263 290 3333 lectione
315 3263 485 3332 exercitati
505 3273 596 3348 sunt,
629 3263 778 3332 verba
753 3266 935 3385 οιιέροχον
959 3263 1109 3349 σθένος,
1150 3282 1255 3349 quum

142 3374 323 3453 sequautur
342 3365 430 3435 baec
452 3359 625 3461 οὐράνιόν
649 3392 691 3438 τι
712 3358 826 3438 σολον
833 3419 848 3454 ,
882 3366 927 3433 de
953 3364 1097 3433 Atlantis
1121 3365 1257 3451 robore,

141 3489 212 3536 nou
228 3468 273 3535 de
286 3468 440 3558 pondere
455 3468 542 3536 caeli
554 3492 624 3536 esse
637 3467 868 3558 intelligenda.
921 3467 1000 3554 Quo
1023 3469 1132 3560 magis
1146 3467 1258 3535 nomi-

141 3593 187 3642 ne
208 3571 340 3658 aliquo,
366 3572 421 3638 vel
446 3572 547 3639 etiam
561 3573 684 3657 verbo,
711 3594 797 3663 opus
812 3581 879 3658 est,
905 3572 1000 3663 quod
1016 3579 1049 3638 et
1068 3581 1166 3660 regat
1181 3591 1258 3635 ver-

140 3673 210 3742 ba
200 3683 280 3759 rsta,
308 3683 342 3741 et
355 3675 469 3763 aliquo
486 3674 592 3744 modo
610 3676 683 3743 ad
674 3698 785 3767 ipsum
806 3677 976 3745 Atlantem
994 3681 1146 3765 spectare
1167 3670 1258 3736 indi-

140 3785 206 3846 cet.
257 3776 342 3846 Eius
365 3779 460 3846 verbi
479 3779 596 3847 sedem
618 3780 687 3847 ut
678 3802 713 3845 m
742 3778 876 3846 nomine
895 3768 1072 3899 κραταιόν
1092 3794 1257 3862 quaeren-

140 3879 223 3947 dam
248 3881 462 3965 arbitremur,
503 3882 635 3949 duobus
657 3880 915 3966 adducimur,
906 3882 1011 3998 risque
1033 3897 1101 3944 non
1131 3873 1259 3943 letibus

139 3984 358 4074 argumentis.
399 3984 498 4050 Nam
521 3993 555 4051 et
578 3992 725 4051 metrum
746 3984 898 4073 (carmen
920 3983 1008 4051 enim
1041 3976 1258 4067 antistrophi-

140 4104 220 4154 cum
236 4088 300 4175 est)
325 4107 445 4152 vocem
467 4086 563 4152 illam
586 4095 779 4177 cormptam
803 4108 872 4153 esse
888 4083 1015 4176 arguit,
1042 4090 1093 4164 et,
1119 4081 1146 4147 si
1167 4081 1259 4155 aliud

140 4189 348 4257 vocabulum
375 4187 494 4277 reponi
512 4189 636 4277 possit,
664 4187 810 4278 copulae
831 4210 925 4272 usus,
951 4186 1010 4274 qui
1024 4185 1257 4275 nuncineptus
1313 4238 1314 4242 ,

142 4299 210 4376 est,
235 4290 497 4380 reprehensione
514 4290 665 4362 caruerit.
716 4294 828 4379 Atque
848 4288 936 4357 haec
958 4291 1032 4380 ipsa
1054 4288 1179 4378 copula
1202 4310 1258 4356 su-

196 4393 320 4466 Hnnn.
346 4391 413 4464 Or.
439 4394 466 4461 1.
771 4445 780 4456 .
902 4456 906 4463 ,
1016 4392 1052 4460 Η
