2826 4904
283 320 342 386 nu
357 280 584 386 enuncia
604 321 816 388 mnovrs
836 323 1101 388 nrrnncrrs.
1191 329 1256 395 145

135 492 234 560 Prior
255 495 341 561 ratio
366 492 505 563 defendi
529 504 643 586 potest
667 519 729 582 eo,
754 496 849 585 quod
869 497 1000 588 saepius
1016 498 1159 566 errorin
1183 505 1254 565 ter-

135 596 371 664 minationibus
391 597 547 666 similium
566 598 621 667 vel
647 600 883 689 oppositorum
906 601 1065 668 admissus
1080 600 1253 686 inuenitur.

135 698 191 768 Ac
204 700 318 768 similis
333 700 459 768 locutio
476 701 512 767 in
531 700 652 769 eadem
664 702 849 793 Sophoclis
865 703 984 770 fabula
997 714 1047 771 est
1066 726 1097 771 v.
1112 701 1223 771 lter.

242 831 326 908 οὔτ’
341 838 390 917 εἰς
410 838 553 930 ἔλεγχον
566 832 684 938 pecode
699 834 785 911 οὔτ’
807 840 915 933 ἔργου
930 834 1062 932 μολών.

135 974 289 1042 Alteram
304 981 417 1040 tamen
427 974 589 1040 rationem
603 975 839 1064 praetulerim,
864 983 937 1042 tum
950 975 1045 1065 quod
1058 973 1255 1044 scholiastes

135 1077 346 1165 infinitivum,
362 1071 482 1149 ἐλθεῖν
510 1076 696 1166 pariterue
716 1078 933 1169 participium
954 1070 1117 1171 μολόντα
1133 1087 1255 1166 tuetur,

136 1190 210 1247 tum
232 1179 328 1268 quod
351 1201 420 1246 non
440 1178 507 1246 rari
528 1189 604 1245 sunt
626 1203 777 1266 errores,
803 1203 887 1270 quos
904 1174 1017 1255 αύτόν
1040 1203 1105 1272 pro
1125 1180 1180 1254 vir
1198 1204 1255 1249 re-

136 1285 288 1375 positum
308 1282 444 1373 peperit
468 1284 518 1371 *).

243 1385 314 1453 Sed
340 1385 429 1452 haec
456 1383 627 1454 hactenus,
686 1385 871 1456 Indicenda
900 1395 950 1454 est
978 1386 1065 1462 enim
1100 1387 1255 1454 solemn'is
1265 1393 1307 1454 18

137 1489 320 1557 doctorum
346 1487 588 1577 philosophiae
615 1490 760 1575 creatio,
788 1512 875 1578 quae
900 1488 971 1557 hoc
1001 1489 1139 1579 quidem
1168 1511 1255 1557 anno

136 1615 217 1660 cnm
231 1592 466 1659 iucundissima
488 1591 666 1658 coniuncta
689 1602 737 1659 est
760 1593 1003 1684 gratulatione,
1029 1592 1257 1679 quaduono·

134 1696 188 1763 bis
206 1694 432 1786 prosequendi
452 1703 526 1760 sunt
546 1694 657 1761 eximii
679 1696 758 1776 viri,
784 1717 869 1782 quos
885 1717 926 1761 ex
943 1695 998 1777 iis,
1026 1695 1084 1781 qni
1100 1704 1176 1761 ante
1190 1694 1255 1761 hos

135 1798 179 1866 L.
204 1820 307 1865 annos
335 1798 456 1863 artium
481 1795 635 1885 magistri
657 1799 699 1864 ab
726 1796 856 1864 Ordine
885 1807 1000 1864 nostro
1033 1796 1137 1866 creati
1170 1806 1255 1883 sunt,

134 1901 326 1991 superstites
344 1923 414 1967 esse
433 1898 633 1990 gaudemus,

294 2020 541 2104 GEORGlVS
576 2033 855 2103 STEPHANVS
881 2035 1101 2105 WlESAND

133 2160 402 2208 Porunrrssrsro
442 2161 531 2205 uncr
572 2159 744 2204 saxonum
791 2159 816 2202 n
857 2159 1031 2204 consrmrs
1073 2160 1259 2207 rnovoon-

242 2262 397 2325 uronvnr,
437 2260 656 2306 racvnrnrrs
691 2259 878 2305 rvnmrcnn
904 2262 940 2305 ru
971 2261 1155 2308 sensuum

445 2360 706 2407 vruuunncnnsr
739 2361 948 2410 onnrunmvs

681 2452 716 2508 et

304 2542 622 2615 CHRISTIANVS
663 2543 898 2614 GOTTLOB
916 2543 1093 2613 'HEYNE

188 2668 449 2717 Porunrrssnuo
485 2670 701 2717 snrrnnnmn
734 2671 822 2716 uncr
855 2670 902 2715 nn
935 2671 1106 2717 sncnnrrs
1141 2669 1205 2717 nur

191 2773 416 2820 rvurcrnnrnn
453 2774 644 2836 eonsrnns,
685 2774 934 2836 nuoovnnrrnn
972 2775 1020 2820 nr
1053 2773 1206 2819 rousnos

265 2874 529 2924 unorusson·1n
555 2877 740 2923 senonum
774 2877 933 2923 cuonem
959 2877 1130 2940 nvovsun,

136 2990 258 3080 quibus
277 2993 370 3078 viriS,
394 2993 454 3081 qui
468 2994 594 3061 meritis
611 2993 771 3083 adeptam
793 2993 935 3060 nominis
957 2993 1141 3062 claritatem
1156 2992 1257 3061 etiam

138 3116 232 3162 senes
245 3095 412 3164 indefesso
432 3097 559 3181 studio,
587 3120 656 3184 quo
672 3099 800 3165 civibus
820 3098 885 3164 suis
909 3119 950 3162 ac
969 3097 1084 3163 litteris
1105 3106 1260 3185 prosunt,

138 3205 290 3283 tuentur,
323 3198 495 3265 diuturnos
524 3200 720 3288 contingere
752 3209 907 3287 optamus
938 3197 1051 3263 hilaris
1080 3199 1257 3264 senectutis

137 3298 278 3373 fructus.
337 3301 474 3368 Vtinam
494 3300 565 3367 hoe
587 3310 668 3367 voto
692 3300 790 3366 etiam
810 3300 1022 3368 Fridericum
1033 3298 1256 3391 Volgangnm

136 3401 294 3469 Rcizium
320 3425 494 3495 possemus
517 3392 824 3494 comprehendere,
851 3402 909 3489 qui
931 3402 1053 3469 eodem
1076 3424 1256 3472 annocum

136 3503 191 3572 his
207 3507 329 3575 artium
349 3507 512 3596 magister
531 3507 658 3590 lactuS,
684 3506 752 3572 iam
766 3505 824 3573 diu
843 3527 885 3573 ex
901 3505 982 3575 vivis
996 3505 1097 3590 abiit,
1122 3506 1257 3574 indele-

136 3607 199 3676 bili
215 3610 330 3695 nobis,
358 3619 460 3697 atque
480 3619 556 3677 ante
575 3609 658 3677 alios
683 3609 786 3697 mihi,
811 3609 931 3677 relicto
955 3608 1132 3677 desiderio.
1191 3608 1257 3676 Die

133 3711 240 3802 igitur
256 3712 332 3779 ΧΠ.
355 3713 458 3780 Febr.
485 3712 521 3779 h.
545 3713 586 3781 Χ.
612 3714 647 3779 in
673 3712 854 3780 Auditorio
880 3712 1007 3781 maiore
1037 3711 1257 3778 anniversaria

133 3814 323 3883 instituetur
344 3816 551 3898 solemnitas,
590 3814 714 3902 inqua
737 3816 849 3905 primo
872 3816 916 3901 ii,
956 3815 1015 3905 qui
1040 3816 1109 3881 iam
1135 3814 1257 3880 tabulis

133 3918 274 4007 publice
300 3919 482 4009 propositis
514 3916 759 4007 Philosophiae
785 3917 951 3986 Doctores
982 3941 1022 3986 ac
1048 3916 1256 4011 Liberaliurp

134 4021 270 4090 Artium
293 4022 451 4115 Magistri
468 4021 628 4090 declarati
647 4031 738 4106 sunt,
764 4022 1064 4091 renunciabuntur:

132 4212 342 4231 ἡ

176 4326 204 4404 *)
227 4324 303 4387 Vide
324 4326 420 4388 Elem.
443 4327 472 4392 d.
493 4334 580 4390 metr.
602 4327 626 4390 l.
645 4332 682 4405 8,
706 4332 755 4394 10.
777 4348 809 4408 p·
831 4330 883 4393 36·

205 4412 328 4483 Hunn.
356 4415 422 4489 ΟΡ.
449 4417 477 4485 Ι.
1012 4412 1047 4483 K
