2826 4904
183 351 249 415 360
567 344 889 408 mssnnxarlo

184 541 253 609 qno
273 519 404 608 reliqna
432 519 540 588 oratio
563 525 622 588 est
682 520 794 606 Atque
822 515 911 588 haec
932 518 1072 607 quidem
1096 518 1298 612 significatio

184 622 270 690 nihil
295 621 418 708 habet,
449 621 544 712 quod
565 618 884 693 commemoratione
909 621 1051 714 dignum
1080 623 1137 708 sit,
1163 631 1299 715 praeter

149 770 152 775 ·
184 725 272 795 haec
290 725 375 794 duo:
399 725 563 816 primum,
588 746 656 794 non
669 723 893 794 invemrieam
907 725 1177 794 innominativor
1202 726 1299 816 qnod

184 851 252 898 non
266 837 315 899 est
330 829 463 915 mirum,
487 851 592 919 quum
604 826 730 899 Graeci
742 827 788 896 ita
807 827 1023 897 abstinuerint
1042 851 1103 911 usn
1120 830 1294 920 pronomi-

183 933 233 1001 nis
250 930 381 1001 relativi
398 934 433 1001 in
452 933 570 1004 tertiae
593 953 758 1024 personae
781 931 1002 1019 nominativo,
1035 940 1073 1000 nt
1094 932 1194 1000 etiam
1209 955 1299 1022 quae

181 1034 323 1129 propria
343 1045 418 1105 sunt
443 1037 561 1105 tertiae
583 1056 748 1131 personae
766 1035 984 1128 pronomina,
1015 1035 1237 1104 nominativos
1262 1032 1300 1115 iic

72 1150 75 1157 '
184 1147 219 1209 et
230 1139 249 1210 ἵ
258 1159 394 1230 prorsus
408 1138 589 1208 miserint:
613 1160 759 1228 qnorum
775 1138 849 1210 tab
863 1139 1050 1232 Apollonio
1066 1139 1101 1207 in
1121 1137 1300 1229 Excerptis

183 1265 219 1333 p.
241 1237 329 1315 54⁴1.
354 1239 458 1333 (422.
478 1242 539 1332 Β.)
562 1266 584 1310 a
608 1240 789 1312 scholiasta
807 1241 894 1312 Ven.
913 1251 948 1312 et
968 1243 1055 1311 Vict
1077 1240 1123 1308 ad
1144 1240 1242 1309 Iliad.
1264 1266 1298 1330 χ.

183 1342 270 1413 416.
293 1345 338 1412 ab
359 1346 472 1434 Etym.
498 1343 551 1413 Μ.
578 1365 615 1436 p.
638 1342 733 1429 588,
759 1342 820 1412 ll.
853 1339 950 1432 615,
975 1345 1010 1414 Ἰ.
1045 1343 1297 1414 aConstantino

183 1447 281 1516 Lase.
304 1444 349 1514 de
375 1445 646 1538 pronominibus,
672 1469 774 1537 quem
793 1447 861 1515 iam
880 1447 1079 1516 Maittairins
1100 1446 1146 1515 de
1163 1447 1297 1516 dialect

182 1573 218 1642 p.
235 1547 321 1617 262.
345 1547 448 1641 (196.
464 1550 524 1641 Β.)
541 1551 669 1635 citavit,
695 1559 998 1636 commemoratur,
1020 1572 1089 1618 non
1104 1551 1172 1618 alia
1185 1559 1298 1618 tamen

183 1652 380 1722 anctoritate
409 1654 591 1743 munitum,
623 1676 737 1743 ‘qnam
756 1675 824 1721 uno
842 1653 1027 1744 Sophoclis
1048 1654 1127 1722 loco
1150 1676 1192 1720 ex
1211 1654 1298 1720 Am-

182 1755 344 1848 phiarao,
370 1757 429 1846 qui
443 1756 538 1827 locus
557 1764 590 1825 et
605 1756 698 1849 apud
712 1757 932 1848 Apollomum
948 1766 982 1826 et
1001 1758 1036 1825 in
1056 1756 1194 1849 scholiis
1209 1751 1297 1825 Viet.

184 1859 277 1951 apud
295 1858 467 1950 Heynium
488 1859 533 1928 ad
559 1860 664 1929 Hom.
692 1859 761 1927 vol.
786 1859 881 1934 Vlll.
910 1883 946 1952 p.
967 1859 1053 1927 332.
1081 1868 1152 1929 tam
1181 1858 1298 1926 vitiose

183 1962 325 2053 scriptus
338 1964 479 2054 legitur,
504 1970 559 2046 ut,
580 1963 643 2030 nisi
664 1984 705 2030 ex
717 1962 915 2031 melioribus
928 1962 1041 2048 libris,
1067 1985 1134 2030 non
1148 1954 1299 2029 videatur

183 2064 311 2156 corrigi
340 2068 449 2158 posse.
500 2064 700 2158 Sylburgius
722 2064 758 2133 in
777 2065 889 2134 indice
911 2066 962 2133 ad
979 2067 1093 2156 Etyrn.
1114 2065 1167 2133 M.
1182 2065 1217 2130 in
1234 2064 1303 2135 ni*

183 2170 285 2238 etiam
305 2166 336 2249 ἲς
359 2168 469 2254 addit,
501 2167 659 2258 idemque
679 2168 761 2237 facit
781 2168 934 2258 Heynius
955 2168 1001 2236 ad
1019 2171 1123 2252 Hom.
1145 2168 1214 2235 vol.
1237 2167 1298 2234 vl.

181 2294 218 2365 p.
242 2268 330 2342 629.
350 2272 463 2342 nescio
486 2293 555 2361 quo
580 2279 735 2341 auctores
760 2294 967 2362 quamquam
984 2272 1072 2341 illud
1082 2271 1203 2362 video,
1232 2291 1299 2365 pro

183 2399 223 2445 ea
243 2373 355 2443 forma
369 2375 525 2463 Latinum
541 2376 574 2444 is
590 2373 708 2455 afferri
726 2397 837 2465 posse.

285 2477 440 2548 Alterum
463 2477 534 2547 hoc
555 2485 612 2546 est.
664 2477 901 2547 Accusatirnm
918 2469 1040 2553 ,αὐτδν
1058 2476 1220 2546 inclinare
1241 2498 1298 2546 ae-

136 2586 320 2650 occentum
340 2581 546 2653 contendunt
563 2581 794 2674 grammatici,
825 2581 1028 2673 Apollomus
1047 2580 1092 2648 de
1113 2579 1242 2671 syntaxi
1263 2601 1297 2670 p.

183 2682 270 2752 146.
299 2706 402 2773 quem
424 2706 502 2754 cum
522 2681 810 2753 Herodianohae
836 2682 881 2751 de
906 2707 943 2752 re
962 2691 1136 2752 auctorem
1160 2681 1300 2750 adhibet

183 2785 378 2856 scholiastes
393 2788 478 2856 Ven.
497 2787 542 2855 ad
564 2785 664 2859 lliad.
675 2774 722 2878 Ιμ.
739 2783 826 2854 264.
838 2794 911 2855 tum
924 2784 1060 2856 Charax
1077 2787 1137 2855 iol.
1160 2784 1247 2854 228.
1266 2794 1299 2853 et

182 2888 298 2959 Aelius
320 2889 498 2980 Dionysius
522 2890 584 2957 fol.
607 2887 694 2961 233.
712 2910 741 2955 a.
757 2888 916 2987 'Graviter
930 2912 1011 2959 vero
1028 2899 1117 2958 errat
1127 2888 1297 2982 Neophy-

183 3001 254 3077 tus,
302 2991 360 3081 qni
386 2993 422 3060 in
452 2990 700 3069 ,commentariis
726 2990 770 3058 ad
792 3002 948 3080 quartum
972 2992 1098 3060 'librum
1117 2991 1298 3062 Theodori

184 3094 301 3165 Gazae
318 3119 353 3187 p.
375 3093 470 3181 822,
495 3094 556 3162 12.
581 3093 806 3184 Apollonium
828 3095 875 3162 ita
897 3098 1076 3181 intellexit,
1089 3094 1144 3165 'ac
1164 3096 1192 3163 si
1210 3096 1240 3179 is
1254 3094 1298 3162 de

184 3200 374 3268 accusativo
395 3199 505 3294 σφέας
528 3198 732 3288 loqueretur.
784 3196 883 3280 Quae
907 3200 952 3268 de
972 3200 1162 3268 accusativo
1183 3191 1297 3271 αὐτόν

1 3321 2 3325 ’
77 3388 80 3392 .
180 3302 316 3370 tradunt
338 3302 568 3395 grammatici,
594 3302 697 3369 etiam
719 3300 755 3368 in
775 3303 981 3372 accusativos
1000 3302 1133 3395 generis
1150 3300 1297 3369 neutrius

116 3421 118 3428 '
183 3398 277 3477 αὐτό
299 3415 332 3472 et
355 3398 451 3478 edroi
471 3405 654 3497 quadrant,
674 3411 717 3470 ¹ut
730 3403 769 3469 hi
785 3428 924 3495 quoque
942 3408 1034 3475 casus
1048 3404 1225 3474 inclinasse
1238 3414 1297 3472 ac-

182 3517 317 3576 centum
336 3508 518 3576 videantur'.
567 3502 609 3576 ln
627 3498 781 3577 Homero
804 3498 943 3597 quidem
966 3508 1023 3578 Fr.
1040 3511 1131 3600 Aug.
1151 3496 1298 3574 Wolfius

181 3610 287 3679 semel
306 3620 434 3680 tantum
456 3613 552 3681 istam
568 3610 817 3679 inclinationem
842 3611 992 3698 admisit,
1026 3612 1122 3681 iliad.
1147 3636 1187 3702 μ.
1210 3608 1295 3677 264.

181 3736 288 3803 quae,
313 3715 425 3806 siego
449 3724 542 3784 recte
556 3714 758 3803 interpretor
779 3706 1034 3805 grammaticos,
1061 3717 1176 3782 locum
1191 3705 1298 3782 habet

183 3819 284 3885 etiam
302 3818 400 3889 Iliad.
418 3844 449 3911 y.
463 3814 531 3885 25.
557 3845 586 3890 o.
607 3815 669 3884 43.
687 3842 717 3890 o.
734 3815 821 3885 269.
846 3817 913 3888 od.
939 3823 969 3891 d.
996 3816 1081 3885 116.
1097 3825 1134 3889 θ.
1163 3814 1251 3885 341.
1271 3843 1296 3888 ι.

183 3917 271 3994 265.
299 3946 331 4017 ρ.
354 3919 448 3989 361·
465 3932 505 4016 φ’.
529 3918 615 3988 196.
640 3918 755 4011 hymn.
772 3920 882 3989 Mero.
899 3918 985 3989 359.
1037 3922 1126 3993 Nam
1141 3920 1237 4007 qnod
1248 3919 1298 3986 illi

182 4022 320 4092 desolo
339 4026 403 4092 isto
422 4025 519 4109 loco,
545 4025 604 4115 qui
616 4025 652 4092 in
668 4019 870 4092 duodecimo
887 4024 1001 4092 lliadis
1023 4024 1112 4091 libro
1126 4032 1194 4108 est,
1220 4043 1297 4090 mo-
1324 4081 1328 4086 .

181 4136 342 4213 nuernnt,
367 4128 603 4221 idpropterea
624 4127 753 4196 lactum
773 4116 878 4218 puto,
900 4128 996 4218 qnod
1016 4127 1075 4197 hic
1094 4127 1188 4194 solus·
1202 4127 1298 4195 locus

182 4230 284 4298 alium
298 4254 431 4302 sensum
443 4233 602 4324 praebet,
627 4231 655 4298 si
670 4231 846 4299 inclinatur
856 4240 1034 4316 accentus,
1061 4253 1165 4321 quam
1185 4230 1298 4298 sinon

182 4334 367 4405 inclinatur.
393 4364 410 4385 ··
426 4337 641 4428 Quamquam
662 4327 809 4405 dubitari
826 4344 957 4428 potest,
971 4358 1032 4404 ·-an
1054 4334 1149 4428 apud
1162 4335 1298 4405 Home·
