2826 4904
266 74 450 167 anesin
472 107 528 168 su
549 106 792 168 ronrrcan
823 106 1104 173 ouurlours.
1190 110 1252 173 rua

341 276 390 347 ab
409 277 569 347 insolenti
592 286 830 370 temperatam

393 382 549 467 taetitia,
574 385 744 451 moriture
759 381 869 452 Delli.

135 519 213 586 Non
226 517 350 585 melior
365 526 422 585 aut
434 519 544 610 magis
558 521 677 610 poesin
691 520 814 588 decens
836 518 1038 590 constructio
1056 517 1198 602 exsistet,
1225 519 1254 586 si

135 623 208 711 quis
228 644 306 689 cum
324 622 481 688 Bentleio
503 645 521 688 e
544 622 677 690 duobus
698 623 871 692 codicibus
886 646 954 692 non
969 643 1071 690 sente
1085 643 1131 688 ac
1146 641 1252 710 repo-

134 726 247 792 suerit.
299 723 393 808 Quid
417 725 528 815 ergo?
561 726 656 793 Itane
673 726 842 815 scripsisse
865 725 1149 818 elegantissimum
1165 746 1254 814 poe-

134 839 205 895 tam
228 826 422 912 credamne,
457 851 499 894 an
519 830 633 918 potius
655 829 842 914 videbitur,
867 853 933 897 una
948 851 1018 895 non
1037 828 1166 912 littera,
1193 825 1254 895 sed
1309 864 1312 871 ·

135 930 262 998 lineola
285 930 415 1014 deleta,
450 932 720 1001 emendationem
743 933 913 1022 experiri?
937 933 1027 1000 Nam
1046 941 1171 1021 quanto
1195 931 1253 998 ille

134 1034 285 1124 pulcrius
300 1033 347 1100 ita
365 1034 564 1125 scripsisset:

290 1168 455 1262 Aequam
466 1179 638 1240 manento
651 1172 756 1241 rebus
768 1172 804 1240 in
818 1171 944 1242 arduis

289 1295 437 1342 sanare
458 1283 626 1343 madan.-
658 1298 726 1344 non
747 1297 850 1345 secra
871 1276 909 1344 in
930 1273 1027 1343 bonis

343 1375 391 1475 ab
407 1378 567 1447 insolenti
582 1385 780 1471 ternperato

348 1531 350 1535 ν
390 1480 547 1568 taetitia,
572 1483 742 1550 moriture
763 1480 873 1550 Delli.

165 1642 167 1649 ·
237 1614 443 1683 Perventum
467 1617 613 1705 denique
635 1627 685 1687 est
704 1617 749 1685 ad
763 1617 918 1684 ultimam
938 1609 1096 1680 dictionis
1108 1614 1252 1701 partem,

106 1733 224 1806 *quae
249 1725 298 1784 est
327 1720 429 1786 totius
459 1721 617 1788 orationis
645 1721 691 1789 ad
723 1721 825 1788 animi
856 1739 987 1787 sensum
1019 1712 1251 1788 conformatio.

135 1820 188 1890 Ea
210 1841 292 1888 vero
315 1822 433 1915 figuris
458 1825 653 1894 continetur.
708 1825 779 1895 Sed
800 1825 845 1893 de
864 1823 917 1890 his
934 1844 1038 1909 quum
1061 1817 1146 1887 mihi
1167 1839 1253 1906 ape·
1373 1863 1376 1868 -

136 1923 293 1990 tiendum
316 1936 382 2011 est,
416 1949 484 1994 non
503 1929 719 1997 mediocriter
740 1952 797 1996 me
815 1925 1017 1994 difficultate
1035 1924 1085 1990 rei
1104 1919 1254 2007 impedi-

134 2035 209 2091 tum
229 2027 345 2093 sentio.
396 2029 546 2095 Tantum
561 2032 649 2097 enim
664 2032 775 2113 abest,
796 2036 835 2094 ut
853 2027 913 2095 hic
934 2027 1049 2107 locus,
1074 2029 1254 2109 quantum-

135 2126 186 2194 vis
210 2147 336 2215 operae
356 2129 393 2192 in
414 2152 455 2195 eo
477 2131 743 2221 consumpserint
751 2137 880 2195 veteres
890 2126 1054 2218 magistri,
1079 2124 1157 2191 satis
1171 2145 1254 2212 per-

135 2237 296 2297 tractatus
315 2230 485 2315 videatur,
518 2239 556 2299 ut
576 2256 619 2300 ne
642 2232 729 2300 illud
752 2230 910 2321 quidem,
945 2227 1028 2317 quid
1051 2226 1188 2294 omnino
1214 2225 1256 2292 sit

135 2334 267 2424 figura,
294 2335 396 2423 plane
412 2334 599 2402 habeamus
614 2337 811 2424 expositum.
863 2335 1037 2421 Namque,
1057 2337 1095 2397 ut
1110 2330 1255 2397 aliorum
1322 2403 1324 2409 ¹

136 2436 314 2504 sententias
333 2447 564 2527 praeteream,
595 2441 623 2506 si
647 2437 927 2522 Quinctilianum,
954 2433 1177 2503 acutissimum
1200 2433 1254 2500 vi-

136 2563 227 2624 rum,
253 2541 402 2628 sequuti,
427 2541 575 2631 figuram
597 2542 784 2611 diceremus
812 2539 1115 2608 conformationem
1133 2558 1253 2625 quam-
1363 2602 1367 2609 ,

137 2642 218 2710 dam
248 2643 405 2711 orationis
435 2667 525 2730 esse,
566 2653 731 2712 remotam
753 2668 774 2711 a
796 2643 966 2713 communi
988 2651 1023 2709 ct
1043 2642 1191 2732 primum
1217 2662 1254 2707 se

137 2745 302 2813 offerente
330 2748 479 2833 ratione,
513 2748 695 2838 descriptio
716 2748 856 2837 quidem
881 2747 970 2815 haec
992 2745 1144 2834 figurae,
1184 2765 1253 2810 non

137 2851 238 2916 etiam
251 2849 399 2917 definitio
412 2851 512 2918 foret.
564 2851 740 2936 Quaenam
763 2852 851 2920 enim
874 2851 1050 2918 existimari
1068 2846 1254 2916 communis

136 2954 222 3019 ratio
242 2952 405 3020 deberet?
444 2964 502 3021 aut
522 2978 690 3045 quaenam
711 2957 819 3022 minus
843 2951 1054 3020 communis?
1086 2958 1145 3016 aut
1169 2948 1254 3035 quid

137 3065 240 3138 essct,
266 3079 334 3144 quo
359 3078 657 3147 cognosceremus,
682 3069 796 3124 utrum
815 3056 926 3142 aliqua
947 3054 1033 3119 ratio
1054 3053 1202 3140 primum
1217 3072 1254 3118 sc
1352 3122 1356 3130 ⁸

137 3157 293 3242 offerret,
320 3183 363 3225 an
378 3158 571 3248 quaerenda
585 3169 668 3226 esset
686 3157 888 3227 studiosius?
912 3155 1039 3223 lisdem
1058 3154 1132 3221 fere
1151 3152 1253 3221 dubi-

135 3261 317 3328 tationibus
338 3264 453 3330 locum
471 3263 629 3351 relinquit
650 3263 716 3328 alia
740 3259 907 3344 definitio,
933 3281 1035 3347 quam
1055 3259 1253 3327 recentiori·
1314 3339 1319 3345 ,

136 3365 201 3431 bus
227 3387 364 3453 quoque
390 3365 556 3456 magistris
581 3366 749 3456 placuisse
780 3362 998 3432 vehementer
1020 3364 1134 3429 miror.
1192 3361 1252 3444 Hi,

135 3488 202 3535 nec
221 3469 290 3535 sine
315 3469 527 3557 antiquorum
552 3471 768 3554 auctoritate,
801 3468 947 3559 figuram
975 3488 1045 3533 esse
1068 3460 1252 3552 quamdam

136 3569 294 3638 orationis
319 3574 465 3664 vulgaris
492 3582 526 3640 et
559 3574 719 3662 simplicis
740 3595 819 3640 cum
846 3572 967 3639 virtute
987 3565 1251 3634 immutationem
1319 3643 1324 3651 ¹

135 3674 264 3742 dicunt.
328 3676 397 3761 Qui
421 3676 576 3764 quidem,
612 3677 674 3743 etsi
694 3676 851 3742 virtutem
874 3676 970 3741 illam
993 3667 1250 3758 quodammodo

137 3779 322 3866 explicant,
347 3780 436 3845 illud
455 3790 568 3846 tamen
589 3802 659 3846 non
684 3779 826 3861 docent,
853 3799 940 3865 quae
960 3773 1001 3840 sit
1021 3770 1170 3862 vulgaris
1189 3769 1249 3839 illa

137 3892 172 3948 et
184 3883 329 3972 simplex
345 3884 467 3964 oratio,
494 3906 515 3947 a
531 3906 598 3970 qua
619 3882 682 3949 ista
699 3881 801 3947 virtus
826 3880 919 3946 absit.
971 3876 1068 3958 Quae
1084 3896 1190 3963 quum
1202 3876 1299 3945 itare

136 3985 215 4071 sint,
250 3987 387 4053 desertis
407 3986 549 4050 aliorum
571 3986 758 4067 sententiis,
792 3983 895 4049 aliam
916 3980 1101 4068 figurarum
1126 3978 1248 4048 delini-

134 4089 262 4160 tionem
282 4086 509 4178 quaerendam
529 4109 600 4154 esse
616 4096 784 4176 putamus.
833 4085 948 4173 Atque
974 4104 1078 4170 quum
1096 4085 1249 4153 universa
