2826 4904
203 232 251 360 lib
429 328 432 333 ,
537 291 608 354 DE
673 291 971 357 Poasnos

208 472 276 552 est,
302 464 604 557 comparationem,
624 463 761 559 (Latine
778 465 974 536 finalitatem
989 463 1168 536 iomalern
1182 463 1322 558 dixeris)

207 577 387 657 antequam
400 569 468 638 eius
480 577 592 659 partes
603 578 807 660 spectemus,
828 570 894 637 alia
906 568 1052 659 quadam
1070 570 1197 637 ratione
1209 571 1324 639 eonsi-

207 671 408 739 derabimus.
439 672 502 738 Est
514 671 602 739 enim
616 671 676 739 illa
687 672 827 739 finalitas
840 682 897 741 aut
911 671 1094 742 necessaria
1105 671 1275 760 quaedam
1287 682 1325 743 et

206 774 439 859 immutabilia,
459 782 516 841 aut
533 775 701 842 mutabilis
714 797 755 845 ac
766 775 910 844 fortuita.
943 774 1048 861 Quod
1059 775 1170 865 primo
1182 775 1323 864 quidem

206 877 370 968 adspectu
382 877 502 944 falsum
513 876 619 983 qideri
631 899 766 946 necesse
778 887 838 963 cst,
854 878 943 968 quia,
956 879 1026 964 ubi,
1039 878 1097 968 qui
1109 878 1150 945 sit
1160 878 1220 946 iste
1234 879 1321 966 finis,

207 979 252 1047 ad
265 1002 368 1068 quem
380 978 506 1068 aliquid
519 980 694 1066 referatur,
714 979 863 1049 indicare
876 1003 945 1049 non
960 981 1050 1066 licet,
1065 979 1241 1051 diiudicari
1251 1005 1322 1051 nou

206 1089 338 1172 potest,
355 1083 617 1150 necessariumne
631 1084 682 1168 sit,
701 1083 796 1170 quod
814 1083 846 1153 ei
858 1084 1095 1173 consequendo
1107 1083 1235 1153 factum
1248 1085 1321 1152 exi·

206 1185 372 1271 stimetur,
390 1208 434 1252 an
449 1185 633 1253 fortuitum.
670 1186 726 1254 Ae
735 1209 814 1255 saue
822 1187 895 1279 ipsa
905 1208 970 1277 per
980 1210 1016 1255 se
1029 1185 1222 1276 pulcritudo
1235 1186 1322 1255 nihil

206 1287 363 1373 continet,
378 1310 446 1376 quo
455 1287 815 1358 irnmutabilisiudicari
828 1298 947 1378 queat,
961 1289 1023 1358 scd
1034 1288 1080 1375 id,
1094 1289 1121 1357 si
1135 1289 1320 1379 quidquam

204 1413 345 1480 usquam
357 1399 422 1475 est,
449 1391 582 1458 aliunde
595 1399 645 1459 est
659 1391 854 1481 petendum.
886 1393 1006 1482 Itaque
1021 1401 1093 1460 tum
1106 1391 1244 1480 demum
1257 1415 1320 1462 no-

205 1493 346 1563 cessaria
360 1500 395 1561 et
406 1493 621 1562 immutabilis
634 1493 703 1563 dici
718 1494 952 1585 pulcritudinis
962 1495 1047 1563 ratio
1060 1503 1189 1585 potest,
1214 1518 1319 1584 quum

204 1595 325 1664 eadem
339 1596 466 1682 forma,
483 1619 552 1685 qua
565 1596 758 1687 pulcritudo
773 1597 901 1682 nititur,
916 1588 1015 1666 siinul
1028 1620 1109 1666 vero
1124 1598 1239 1686 aliquo
1250 1599 1320 1667 tine

87 1714 89 1719 ’
203 1696 402 1767 aestimatur.
452 1699 495 1767 ld
521 1709 633 1773 autern
653 1699 833 1790 dupliciter
858 1701 914 1786 fit,
941 1711 998 1769 aut
1015 1723 1120 1789 quum
1143 1721 1241 1768 verus
1258 1701 1320 1769 iste

202 1802 276 1868 finis
290 1810 399 1870 certus
417 1801 555 1890 quidam
571 1801 791 1892 definitusque
807 1811 873 1888 est,
898 1814 956 1871 aut
972 1826 1077 1893 quum
1090 1803 1202 1870 forma
1213 1803 1264 1871 rei
1277 1824 1319 1873 ex

201 1903 331 1972 incerto
344 1903 499 1992 quidem,
524 1912 558 1971 at
574 1904 708 1972 omnino
724 1915 836 1973 tamen
856 1929 939 1974 vero
960 1906 1075 1996 aliquo
1096 1905 1165 1974 line
1180 1905 1318 1998 pendet.

126 2064 132 2076 ,
201 2005 262 2076 Ad
275 2008 425 2097 priorem
435 2029 549 2102 casum
556 2006 627 2092 illa,
636 2005 737 2096 quam
752 2008 853 2075 fixam
868 2008 1174 2096 adhaerentemque
1186 2009 1319 2077 formo-

201 2111 333 2198 sitatem
355 2109 496 2177 Kontius
509 2118 627 2193 vocat,
641 2110 802 2201 pertinet:
828 2110 956 2200 quaesi
975 2111 1123 2179 bumana
1135 2120 1207 2179 arte
1225 2111 1319 2181 facta

202 2221 269 2297 est,
293 2235 383 2297 rem,
410 2212 465 2281 cui
477 2210 651 2298 adhaeret,
672 2236 693 2280 a
707 2212 901 2303 pulcrarum
916 2214 1054 2302 quidem
1067 2213 1187 2281 artium
1202 2213 1318 2304 operi·

61 2324 65 2338 '
194 2315 263 2382 'bus
277 2314 439 2401 excludit,
453 2324 491 2383 ut
508 2314 732 2404 eloquentiam
747 2314 1078 2408 architecturamque.
1102 2316 1221 2385 Altera
1234 2337 1317 2384 vero

200 2416 284 2485 ratio
298 2417 466 2506 inquibus
488 2418 607 2486 artium
628 2418 787 2508 operibus
804 2419 1014 2506 observatur,
1041 2443 1082 2487 ea
1103 2418 1318 2486 nihilominus

199 2521 393 2611 pulcramm
407 2519 529 2588 effecta
541 2523 664 2589 artium
679 2530 764 2605 sunt,
785 2529 967 2612 propterea
978 2521 1083 2610 quod,
1100 2543 1204 2608 quum
1223 2530 1317 2589 certo

200 2622 351 2709 quodam
363 2623 432 2688 fine
446 2631 575 2704 careat,
600 2644 670 2688 non
687 2621 847 2711 impedit,
873 2623 1049 2710 quominus
1068 2621 1174 2688 solam
1186 2623 1316 2711 pulcri-

88 2762 91 2768 *
198 2723 350 2790 tudinem
369 2732 521 2814 spectent
538 2723 690 2791 artifices.
741 2721 903 2792 Censetur
927 2731 1040 2792 autem
1065 2723 1127 2790 illa
1147 2726 1316 2813 aequabili

200 2826 349 2893 omniurn
364 2827 511 2915 partium
522 2824 760 2916 proportione,
787 2824 929 2916 (Graeci
942 2823 1189 2922 συμμετρίαν,
1211 2828 1316 2896 nostri

199 2927 507 3019 Regelmtssigkeit
519 2929 655 3019 vocant)
674 2950 761 3018 quae
775 2951 978 3019 quamquam
992 2938 1121 2999 certum
1134 2930 1237 2998 finem
1250 2953 1316 3021 per

199 3054 237 3100 se
251 3030 382 3098 nullum
394 3029 517 3116 babet,
537 3030 680 3122 cogitari
696 3039 809 3099 tamen
820 3033 954 3122 nequit,
973 3031 1033 3100 nisi
1045 3034 1108 3117 ita,
1124 3042 1162 3101 ut
1177 3034 1313 3100 omnino

198 3134 245 3202 ad
259 3148 376 3202 verum
391 3133 538 3222 aliquem
549 3135 663 3219 finem,
675 3135 878 3224 quicumque
891 3135 950 3203 ille
961 3135 1012 3222 sit,
1026 3135 1199 3206 referatur.
1224 3136 1314 3204 Niti-

198 3247 253 3307 tur
274 3237 362 3306 enim
384 3236 472 3306 haec
494 3238 712 3326 aequabilitas
731 3239 852 3330 regula
872 3240 1035 3328 quadam,
1073 3261 1161 3327 quae
1180 3238 1313 3307 formae

197 3340 362 3409 rationem
374 3339 558 3424 describat,
584 3341 631 3408 ob
650 3363 793 3430 eamque
815 3365 887 3409 rem
903 3365 972 3411 non
988 3339 1230 3433 pulcritudine,
1250 3340 1311 3409 sed

197 3442 407 3536 perfectione
419 3442 595 3512 iudicatur.
629 3444 728 3515 Haec
745 3447 866 3535 regula
881 3445 961 3536 quia
976 3446 1103 3532 absque
1115 3453 1209 3514 certo
1222 3466 1311 3532 quo·
1359 3498 1362 3503 .

198 3546 279 3615 dam
292 3547 361 3614 fine
383 3547 595 3632 observatur,
621 3546 656 3613 in
676 3547 755 3637 ipsis
775 3570 886 3615 rerum
901 3548 1018 3616 fonnis
1033 3547 1165 3617 eluceat
1176 3568 1312 3615 necesse

197 3659 264 3737 eat,
288 3649 384 3739 quod
398 3671 467 3717 non
486 3658 597 3740 potest
615 3649 711 3718 aliter
728 3649 819 3736 fieri,
844 3652 905 3719 nisi
918 3652 984 3736 ita,
1009 3658 1047 3718 ut
1066 3670 1220 3738 quaeque
1233 3671 1311 3740 pars

196 3750 293 3823 alteri
310 3775 464 3837 nonnam
489 3754 669 3842 praebeat,
702 3752 797 3842 quod
815 3755 925 3846 ipsum
952 3752 1143 3843 symmetria
1161 3751 1310 3821 vocatur.

197 3854 300 3925 Cuius
321 3857 380 3946 qui
398 3856 491 3941 finis,
517 3878 606 3944 quae
626 3878 741 3927 caussa
754 3856 811 3941 sit,
835 3857 938 3941 scire,
963 3855 1009 3924 ad
1027 3855 1158 3923 formae
1173 3855 1313 3943 quidem

194 3959 439 4051 perfectionem
461 3957 675 4028 iudicandam
698 3981 766 4026 non
784 3967 834 4026 est
854 3981 955 4050 opus,
981 3966 1019 4030 ut
1038 3959 1073 4026 in
1095 3958 1162 4026 illis
1181 3957 1310 4042 formis,

52 4142 53 4146 Ἰ
70 4104 80 4108 -
195 4083 284 4151 quae
294 4062 506 4152 symmetrica
521 4062 742 4154 proportione
757 4071 882 4130 carent.

296 4166 396 4251 Quae
411 4176 522 4234 autem
540 4188 582 4235 cx
592 4164 661 4236 hac
672 4165 803 4233 formae
815 4167 1051 4256 aequabilitate
1063 4174 1101 4234 et
1114 4161 1311 4253 inaequabi-

194 4266 288 4338 litate
299 4268 431 4340 duoitur
440 4269 627 4342 carminum
638 4267 773 4358 diubio,
793 4291 835 4339 ea
846 4271 926 4344 licet
938 4293 980 4342 ex
991 4268 1311 4363 ipsanotionepoe-
