2826 4904
253 300 438 362 Proser:
458 299 516 365 ΕΤ
537 296 774 365 POETICAE
795 297 1071 373 onlr10N1s.
1172 306 1217 372 88

102 482 156 542 rat
171 482 205 541 et
218 474 361 557 refellit,
387 473 551 562 optimam
572 494 614 541 ex
625 469 699 558 his,
723 495 811 562 quae
823 471 1008 542 Isocratem
1027 471 1136 544 hahet
1153 499 1216 547 au-

103 587 255 661 ctorem,
288 577 480 666 amplerus,
512 576 719 645 rhetoricam
746 577 835 644 bene
856 577 992 646 dicendi
1015 589 1120 647 artem
1144 604 1216 652 esse

102 680 275 751 existimat.
327 681 398 748 Sed
416 703 527 768 neque
539 681 626 748 haec
641 680 812 764 delinitio,
837 703 948 769 neque
968 682 1029 749 illa
1043 683 1217 753 Cleanthis

101 794 137 852 et
156 783 365 873 Chrysippi,
397 782 603 852 rhetoricam
629 793 721 852 recte
742 783 877 852 dicendi
906 796 1012 852 artem
1036 809 1106 853 esse
1134 809 1218 856 ceu-

99 889 259 971 sentium,
285 909 373 974 quae
386 887 611 970 Quinctiliano
635 886 791 953 eamdem
811 886 938 955 habere
954 888 1022 956 vim
1042 898 1143 978 atque
1156 891 1217 959 illa

99 990 275 1073 Isocratis,
300 991 397 1056 nobis
419 1002 532 1056 autem
556 990 657 1056 etiam
676 988 816 1079 propius
838 1012 956 1058 rerum
980 992 1144 1061 accedere
1164 994 1218 1062 vi·

101 1095 220 1178 detur,
252 1093 327 1160 satis
348 1093 473 1161 idonea
489 1102 556 1160 est.
606 1093 761 1175 Etenim,
786 1100 824 1158 ut
847 1092 960 1160 dicam
983 1094 1078 1182 quod
1099 1096 1216 1181 sentio,

101 1219 219 1264 omnes
245 1199 327 1263 istae
356 1197 431 1262 artis
460 1195 651 1264 rhetoricae
682 1193 891 1263 definitiones
917 1196 1047 1286 duplici
1072 1200 1218 1266 maxime

100 1303 183 1370 vitio
201 1300 365 1366 laborant.
425 1299 566 1390 Quippe
593 1321 634 1366 er
663 1321 729 1364 uua
756 1308 854 1389 parte
873 1300 958 1366 iusto
975 1300 1075 1368 latins
1089 1312 1217 1391 patent,

102 1426 146 1472 ex
169 1403 274 1470 altera
294 1413 392 1491 parte
416 1404 620 1492 augustiores
642 1425 680 1468 re
699 1401 891 1469 delinienda
912 1412 995 1469 sunt.
1044 1405 1099 1474 Ac
1118 1405 1217 1473 latius
1336 1415 1339 1427 '

100 1514 220 1597 patent
246 1507 393 1596 primum
418 1527 477 1589 eo,
511 1503 604 1593 quod
626 1505 822 1574 dialecticae
842 1506 990 1594 aliquam
1005 1517 1139 1596 partem
1153 1507 1248 1581 ad-8

101 1610 242 1677 miscent
275 1611 337 1675 arti
369 1608 578 1693 rhetoricae,
629 1618 666 1675 ut
691 1608 936 1693 Aristotelica,
963 1608 1168 1698 reprehensa
1197 1633 1220 1676 a

103 1713 331 1796 Quinctiliauo
358 1713 401 1779 ll.
424 1709 484 1796 15,
509 1711 568 1778 13.
593 1721 626 1778 et
651 1736 671 1778 a
693 1710 915 1802 grammatico
939 1712 1088 1800 quodam
1109 1713 1220 1780 inBi·

102 1815 227 1883 blioth.
250 1815 352 1883 Coisl.
373 1838 408 1904 p.
430 1814 518 1882 593.
568 1816 689 1902 Neque
707 1816 794 1880 enim
808 1814 879 1881 hoc
894 1822 943 1881 est
961 1814 1038 1882 artis
1054 1817 1123 1883 eius
1138 1815 1220 1882 offi-
1313 1878 1316 1885 ,

103 1919 195 1986 cium
216 1941 304 2006 quae
327 1918 463 1987 dicendi
488 1917 679 2009 praeceptis
704 1918 908 2002 continetur,
933 1927 990 2003 nt,
1015 1919 1099 2006 quid
1120 1920 1220 2010 cogi-

101 2023 244 2089 tandum
265 2021 306 2089 sit
331 2032 365 2089 et
388 2022 584 2111 quomodo,
610 2022 782 2102 ostendat,
817 2021 878 2088 sed
900 2032 937 2088 ut
960 2023 1109 2112 cogitata
1127 2031 1220 2090 recte

102 2126 221 2212 eloqui
236 2125 367 2194 doceat.
417 2126 550 2192 Deinde
573 2146 614 2189 eo
638 2147 774 2212 quoque
789 2125 887 2190 latius
909 2146 1012 2209 quam
1035 2123 1139 2190 debet
1161 2144 1221 2191 ex-

99 2228 254 2294 tenditur
275 2226 465 2294 rhetoricae
487 2227 687 2312 descriptio,
713 2225 807 2312 quod
832 2227 961 2312 apoesi
981 2246 1050 2290 nou
1073 2225 1150 2291 satis
1166 2224 1222 2291 di-

100 2328 229 2416 stingui
243 2328 339 2393 solet.
390 2330 479 2392 Nam
494 2326 722 2408 definitiones,
747 2317 935 2394 cuiusmodi
954 2327 1034 2393 illae
1049 2336 1124 2393 sunt
1146 2328 1222 2394 Iso-

103 2432 205 2498 cratis
228 2439 262 2496 et
281 2429 483 2518 Chrysippi,
510 2428 627 2516 quidni
647 2429 746 2494 etiam
767 2429 802 2493 in
825 2440 931 2495 artem
949 2430 1121 2518 poeticam
1136 2452 1223 2517 qua·

78 2520 222 2627 ‘'drent,
250 2555 338 2620 quae
357 2543 390 2598 et
403 2534 490 2599 bene
505 2544 539 2598 et
553 2544 645 2601 recte
660 2531 795 2598 dicendi
819 2555 886 2615 ars,
912 2554 981 2598 uon
998 2531 1106 2598 miuus
1118 2556 1223 2621 quam

103 2636 294 2721 rhetorica,
320 2635 399 2701 est?
424 2637 498 2703 Nec
514 2636 669 2701 meliores
685 2634 755 2703 hoc
776 2636 811 2700 iu
824 2657 950 2724 genere
964 2644 1039 2701 sunt
1056 2635 1134 2702 illae
1158 2636 1222 2704 de-

103 2741 289 2823 linitioneS,
323 2761 410 2826 quae
431 2738 569 2827 copiose
593 2747 777 2825 ornateque
804 2737 938 2805 dicendi
959 2739 1130 2807 scientiam
1151 2763 1223 2808 esse

104 2844 257 2910 tradunt:
283 2843 454 2931 inquibus
474 2841 544 2910 hoc
565 2864 702 2929 quoque
720 2843 877 2908 vitiosum
899 2850 965 2924 est,
990 2841 1085 2930 quod
1111 2865 1154 2910 ue
1175 2842 1222 2910 ad

107 2970 182 3014 eam
201 2947 359 3036 quidem,
392 2968 479 3033 quae
501 2944 653 3012 universe
674 2957 814 3012 vocatur
831 2945 1041 3033 eloquentia,
1083 2968 1222 3014 accom-

106 3050 266 3117 modatae
287 3058 372 3116 suut.
424 3050 537 3138 Saepe
560 3049 648 3115 enim
671 3072 711 3116 ea
734 3060 782 3115 est
796 3048 939 3114 maxima
955 3047 1093 3114 oratoris
1106 3050 1222 3134 virtus,

105 3154 266 3241 omnique
281 3152 382 3241 copia
399 3161 432 3218 et
444 3162 562 3218 ornatu
578 3151 804 3233 excellentior,
829 3151 977 3219 breviter
992 3153 1077 3218 scire
1092 3160 1125 3217 et
1139 3153 1222 3218 sim-

104 3257 239 3345 pliciter
250 3257 354 3343 loqui.
406 3254 551 3336 Contra,
577 3254 785 3342 quodetiam
804 3252 1030 3342 angustioreS,
1057 3274 1098 3320 ac
1113 3252 1222 3322 debe·

103 3360 201 3443 bant,
228 3381 298 3426 esse
318 3359 396 3424 istas
420 3358 630 3424 definitiones
657 3355 814 3438 diximus,
840 3355 877 3420 id
893 3360 1023 3444 spectat
1042 3354 1087 3421 ad
1105 3356 1174 3424 vim
1187 3365 1223 3426 et
1317 3377 1321 3392 ·

104 3484 207 3553 usum
215 3462 312 3544 artis,
339 3483 440 3549 quem
456 3460 612 3527 doctores
633 3480 748 3526 omnes
768 3459 803 3524 in
818 3457 1021 3524 orationibus
1035 3482 1122 3547 qnae
1135 3483 1221 3551 pro-

105 3565 181 3655 prie
197 3566 354 3633 dicuutur
371 3565 524 3654 expromi
541 3573 669 3653 putant.
721 3563 810 3629 Nam
831 3562 905 3650 quis
925 3562 1063 3629 tandem
1082 3565 1156 3630 finis
1169 3564 1221 3646 sit,

105 3690 177 3755 quo
200 3667 267 3735 hae
289 3667 455 3735 orationes
478 3668 522 3733 ab
544 3668 613 3734 aliis
633 3666 769 3734 dicendi
789 3664 1023 3752 scribendique
1043 3665 1224 3755 generibus
1250 3664 1254 3669 ’

106 3771 153 3838 ita
165 3771 334 3855 differant,
358 3781 397 3838 ut
413 3770 594 3840 dictionem
609 3769 892 3859 requirantplaue
908 3767 1114 3858 singularem
1130 3776 1163 3834 et
1177 3767 1222 3835 ab

108 3874 180 3941 aliis
202 3896 393 3942 sermonum
412 3874 699 3962 scriptionumque
724 3872 840 3938 formis
862 3868 1031 3938 alienam?
1071 3869 1223 3938 Manife·

106 3987 196 4046 stum
221 3989 285 4061 est,
318 3976 485 4064 quidquid
504 3976 563 4045 hic
586 3974 783 4044 discriminis
802 3975 942 4064 reperiri
955 3971 1078 4064 possit,
1102 3973 1140 4039 id
1154 3994 1223 4042 uon

105 4081 141 4149 in
162 4080 310 4148 dictione
334 4090 435 4167 atque
459 4078 664 4163 elocutione,
691 4101 779 4167 quae
794 4087 907 4145 tamen
926 4074 1066 4167 propria
1080 4087 1128 4143 est
1140 4074 1223 4144 rhe-

105 4185 258 4268 toricae,
292 4184 353 4250 sed
385 4183 421 4248 in
444 4185 583 4249 materia
617 4181 755 4251 dicendi
791 4187 1059 4270 argumentoque
1087 4183 1222 4249 versari.

66 4327 73 4337 »
107 4287 224 4372 Quare
247 4288 300 4357 illi
323 4286 470 4376 denique
490 4306 581 4375 pene
595 4284 727 4353 ridiculi
747 4292 840 4367 sunt,
865 4284 925 4369 qui
942 4283 1153 4371 eloquentiae
1167 4285 1222 4352 fa-
