2826 4904
944 39 1065 83 ,-,

148 314 212 378 210
374 310 432 372 DE
452 308 639 370 ELLIPSI
662 308 719 369 ET
739 306 1024 369 PLEONASMO

148 509 191 554 an
205 483 291 552 illud
301 482 396 551 malit
407 479 650 573 interrogantis.
701 479 940 572 Itaquemulto
964 501 1027 549 usn
1049 477 1181 548 iactum
1201 486 1261 564 est,

149 598 186 658 ut
201 588 224 685 ἢ
239 587 436 679 simpliciter
452 592 515 653 aut
529 583 746 677 significaret,
772 594 807 654 et
821 585 869 653 ihi
886 605 1023 673 quoque
1036 591 1262 674 usurparetur,

148 693 208 760 ubi
226 691 331 760 omnis
345 689 562 781 interrogatio
583 687 731 757 abesset:

250 823 420 924 τεθναίης
440 819 634 923 εἶΠροΐτ’,
661 822 685 921 ἢ
706 814 861 896 κάκτανε
876 813 1189 920 Βελλεροφόντην.

148 964 222 1032 lam
245 985 326 1032 rero
343 962 434 1033 unde
453 969 520 1045 est,
546 960 641 1049 quod
661 960 752 1030 hanc
773 958 974 1051 particulam
994 959 1186 1050 significare
1202 980 1266 1027 vo-

147 1068 222 1134 lunt
243 1061 379 1157 ραααεί)
410 1062 538 1132 Verum
560 1073 627 1150 est,
667 1087 743 1133 cam
780 1063 828 1132 sic
866 1085 936 1130 esse
969 1063 1265 1152 interpretandam,

148 1192 254 1259 quum
268 1169 387 1237 Latine
401 1168 593 1256 loquimur:
618 1166 742 1236 falsum
757 1175 807 1235 est
829 1174 959 1250 autem,
985 1164 1076 1236 hanc
1089 1165 1264 1259 signitica-

147 1274 274 1341 tionem
294 1273 401 1340 inesse
421 1270 503 1340 huic
522 1271 719 1360 particulae.
769 1271 858 1336 Nam
881 1276 1136 1358 praeterquam,
1170 1268 1265 1358 quod

148 1373 234 1443 nihil
255 1375 340 1442 inter
353 1396 390 1441 se
406 1395 584 1443 commune
602 1383 659 1441 aut
675 1381 857 1464 cognatum
872 1370 1001 1438 habent
1012 1371 1135 1440 harum
1157 1372 1266 1463 parti-

148 1479 300 1548 cularum
315 1475 593 1569 significationes,
619 1499 662 1543 ne
686 1498 772 1565 opus
789 1474 927 1564 quidem
949 1482 1015 1557 cst,
1039 1483 1094 1560 ut,
1119 1473 1265 1570 quums}

149 1602 258 1673 prtum
272 1589 388 1648 notare
404 1578 557 1662 videtur,
583 1601 604 1644 a
617 1579 759 1698 propria
775 1578 844 1644 eins
863 1585 1029 1668 potestate
1045 1577 1264 1646 discedamus.

149 1683 340 1754 Commode
356 1681 445 1751 enim
461 1704 501 1748 ea
514 1680 637 1749 etiam
628 1704 663 1748 ru
679 1680 933 1772 comparatione
945 1682 1061 1750 locum
1077 1679 1202 1750 habet.

250 1818 335 1917 ἤτοι
351 1810 560 1913 βέλτερόν
543 1845 643 1907 εστι,
669 1845 738 1891 κατ
777 1815 890 1944 οὔρεα
906 1815 1058 1913 θῆρας’
1044 1815 1215 1939 εεαέρεια,

253 1919 451 2017 ἀγροτέρας
466 1947 489 1992 τ
495 1914 701 2016 έλᾶφοας,
727 1948 749 2017 η
767 1917 971 2018 κρεισσοσιν
986 1915 1046 2014 ἶφι
1064 1913 1262 2012 μάχεσθαι

148 2058 187 2127 id
217 2064 267 2125 est
296 2055 456 2148 proprie.
489 2057 615 2124 melius
635 2078 723 2124 sane
750 2063 817 2140 est,
848 2054 960 2148 seras
983 2055 1170 2127 occidere:
1217 2079 1263 2126 an

83 2161 246 2256 lfflsorte
259 2159 434 2227 dimicare
451 2179 530 2226 oum
550 2158 704 2250 fortibus
720 2159 845 2227 melius
864 2153 945 2226 est?
969 2157 1159 2228 Confirmat
1176 2159 1262 2230 hanc

148 2264 456 2355 interpretationem
479 2262 646 2348 formula,
673 2285 775 2352 quam
795 2262 907 2329 Latini
923 2286 945 2328 a
960 2261 1100 2334 Graccis
1120 2286 1263 2356 accepe-

148 2377 242 2452 runt,
268 2368 390 2434 rectius
414 2388 454 2432 ea
476 2366 660 2434 utentibus:
684 2359 878 2460 πρόθυμος
901 2364 1062 2458 μᾶλλον,
1097 2364 1261 2464 sinopon-

95 2550 109 2571 .
147 2472 249 2566 τέρα.
299 2470 388 2535 Nam
408 2468 520 2535 Latini
543 2470 570 2536 si
593 2479 750 2536 accurate
765 2469 998 2557 loquerentur,
1024 2468 1141 2537 dicere
1160 2470 1262 2539 debe-

55 2616 72 2624 ·-
146 2584 240 2657 rent,
265 2571 473 2654 studiosior,
507 2592 614 2660 qnam
635 2572 814 2663 prudens,
840 2593 909 2638 non
928 2571 1134 2658 sinodicam,
1161 2594 1265 2667 quam

147 2675 367 2769 prudentior.
421 2672 547 2740 Graeci
566 2684 683 2742 contra
708 2683 802 2744 recte
824 2675 871 2744 sic
899 2675 1100 2763 loquuntur,
1136 2679 1261 2768 quippe

149 2779 221 2846 ho'c
244 2777 408 2844 dieentes.
440 2774 653 2845 studiosior:
687 2800 736 2845 αα
755 2773 998 2869 prudentior?
1022 2778 1163 2849 Haecsi
1176 2787 1262 2850 recte

73 2969 77 2977 .
150 2880 408 3015 disputavimus,
433 2877 527 2946 nulla
540 2890 590 2947 est
605 2881 754 2971 ellipsis
745 2903 779 2948 m
792 2881 914 2948 talibus
935 2881 1040 2966 locis,
1065 2889 1103 2949 ut

606 3015 682 3090 ἐπεὶ
690 3018 982 3139 νεφεληγερέτα
985 3012 1076 3100 stc

257 3116 397 3216 Τρωσὶν
413 3111 459 3217 δη
471 3101 623 3214 βόλεται
638 3118 766 3192 δοῦναι
782 3146 932 3217 αρατος,
959 3116 1068 3220 ἠέπερ
1088 3117 1188 3219 ημῖν

146 3257 236 3326 Nam
262 3256 299 3323 id
327 3255 467 3347 proprie
492 3259 541 3325 sic
571 3256 699 3324 dictum
733 3264 800 3323 est.
832 3254 1001 3350 «luppiter
1030 3255 1260 3327 {livianorum

146 3362 223 3428 vult
246 3361 431 3428 victoriam
465 3383 557 3428 esse:
604 3382 652 3426 an
680 3359 741 3427 ille
764 3381 845 3427 eum
874 3382 949 3428 esse
977 3368 1137 3428 nostram
1165 3351 1263 3427 vult?

149 3462 255 3547 Quod
269 3461 352 3550 quid
367 3471 414 3529 est
428 3463 538 3548 aliud,
564 3486 684 3552 quam,
712 3462 834 3553 magis
854 3457 915 3530 ille
943 3462 1124 3550 notans,
1158 3483 1262 3555 pisum

73 3562 76 3567 ’
148 3564 247 3634 nobis
257 3564 376 3658 sanet.
431 3563 553 3634 Obiter
573 3587 716 3651 moneo,
741 3574 871 3632 veteres
892 3566 926 3631 in
946 3566 1015 3636 hac
1033 3567 1179 3635 maxime
1193 3565 1263 3633 for-

148 3670 259 3753 mula,
285 3661 488 3760 petticeas
510 3667 551 3765 ἤ,
576 3670 624 3737 sic
646 3690 716 3734 esse
746 3667 920 3757 loquutos3
954 3672 989 3737 in
1013 3669 1103 3754 aliis,
1131 3671 1263 3761 perspi-

106 3829 109 3835 .
150 3772 280 3841 enitatis
293 3793 423 3857 caussa,
448 3772 588 3865 μᾶλλον
605 3770 779 3852 adiecisse3
804 3773 1145 3858 recentiores-autem,
1169 3795 1263 3843 com-

21 3964 27 3973 .
148 3897 284 3943 munem
299 3896 396 3940 usum
409 3874 563 3943 deserere
586 3883 749 3960 amantes,
778 3874 823 3941 ad
848 3875 1018 3965 antiquam
1040 3877 1188 3945 formam
1212 3876 1263 3942 in-

148 3978 283 4046 terdum
302 3977 448 4046 rediisse.
500 3977 713 4066 Thucydidis
738 3978 877 4067 quidem
898 3980 1016 4066 locus,
1057 4002 1162 4069 quem
1190 3979 1264 4048 Bo-

149 4081 214 4149 sius
243 4105 278 4174 p.
300 4078 387 4147 770.
416 4081 533 4166 affert,
559 4104 627 4149 non
646 4082 809 4153 invenitur
823 4105 881 4167 eo,
908 4106 1011 4172 quem
1027 4081 1085 4152 hic
1105 4082 1265 4154 indicavit

149 4184 247 4268 loco,
280 4181 340 4251 sed
368 4184 396 4251 si
418 4185 474 4252 lib.
494 4185 538 4253 ll.
562 4208 637 4276 cap.
664 4181 724 4254 89.
751 4185 930 4274 spectavit,
962 4187 1179 4279 negligenter
1212 4187 1264 4253 in-

149 4286 257 4379 spexit
276 4283 534 4379 Thucydidem,
575 4288 668 4381 apud
690 4310 793 4377 quem
816 4289 862 4362 sic
886 4290 1028 4383 legitur:
1069 4286 1266 4365 cincinni-oo
