2826 4904
205 300 249 363 rt
486 288 1004 367 COMMENTATIO

207 460 273 547 τάς
295 459 456 592 γνάθους
476 464 704 587 στρέφεσθαι
719 459 848 549 ἐθίζει
874 461 933 585 κριὶ
956 490 998 536 το
991 455 1330 590 μεταβάλλεσθαι

208 571 247 644 δέ
260 562 327 694 τήν
342 567 519 641 ἱππασίαν
535 560 701 662 α’γαθόν,
726 573 786 639 ἵνα
802 559 1014 661 οίμφότεραι
1031 594 1069 638 αι
1062 559 1221 658 ‘recidor
1235 569 1327 638 καθ’

207 665 380 768 ἑκάτερον
403 672 467 794 τής
489 669 661 751 ἱππασίας
688 662 892 754 ἱσάζωνται.
925 669 1146 759 ἐπαινοῦμεν
1191 669 1231 740 δέ
1262 669 1329 740 καὶ

206 801 276 896 την
289 780 489 871 ἑτερομήκη
503 777 611 873 πέδην
625 772 768 865 μάλλον
784 772 849 868 τῆς
864 771 1107 894 κυκλοτεροῦς.
1134 767 1240 864 ήδιον
1255 771 1329 864 μέν

63 895 67 910 ’
207 904 277 974 γαρ
305 873 418 958 οὕτως
441 873 709 972 ἀναστρέφοιτο
733 872 754 948 ὁ
779 882 908 963 λ’ππος,
942 873 1011 996 ήδη
1031 867 1209 995 πλήρης
1180 898 1231 944 οιν
1255 874 1330 946 τοῦ

98 1017 102 1027 ·
207 976 354 1067 ιυθέος,
377 979 437 1051 καί
451 973 497 1053 τό
514 1007 555 1052 τε
569 975 816 1075 όρθοδρομεὶν
829 975 890 1049 καί
905 969 952 1049 τά
974 970 1228 1070 άποκοίμπτειν
1244 973 1329 1067 ἅμα

206 1075 423 1180 μελετρίη”
397 1111 453 1157 αν.
504 1080 656 1150 Multum
688 1081 881 1148 dubitarunt
911 1081 1125 1170 interpreteS,
1159 1079 1244 1167 quid
1269 1079 1329 1148 rel

178 1210 182 1220 ²
207 1187 295 1282 πέδη
325 1195 427 1270 esset,
460 1184 517 1254 vel
541 1177 843 1278 μεταβάλλεσθαι
871 1175 940 1279 τήν
970 1180 1158 1255 ἱππασίαν.
1209 1183 1329 1271 Atque

207 1287 412 1372 Herbelius,
443 1289 503 1378 qni
522 1286 769 1378 Hayuisohium
790 1299 965 1376 sequntur,
998 1287 1107 1383 πέδην
1130 1293 1227 1376 putat
1254 1308 1330 1353 esse

207 1415 284 1459 earn
306 1392 560 1482 equitationem,
587 1415 674 1480 quae
694 1390 1016 1484 schluugertsehule
1046 1389 1249 1458 Germanice
1262 1412 1330 1457 vo-

208 1504 319 1579 catur,
352 1517 422 1563 non
444 1495 546 1564 video
577 1494 752 1584 quomodo
785 1494 876 1564 hane
905 1493 1217 1584 interpretationem
1248 1514 1330 1562 cum

207 1598 318 1667 verbis
338 1598 576 1690 Xenophontis
596 1609 655 1668 ant
679 1620 758 1667 cum
780 1598 819 1665 iis
841 1620 930 1688 quae
945 1597 1071 1666 Pollux
1087 1593 1196 1663 habet
1212 1595 1332 1664 eonci-

205 1702 291 1786 liare
309 1702 424 1793 possit
482 1701 582 1770 Idem
603 1725 710 1803 quum
728 1702 833 1770 rerba
855 1693 904 1774 τά
914 1766 919 1772 .
929 1692 1231 1795 μεταβάλλεσθαι
1258 1691 1331 1795 τήν

207 1803 387 1881 ἱππασίαν
423 1805 520 1874 vertit
539 1805 611 1875 deu
638 1806 702 1874 riu
722 1804 941 1889 υσιᾶιιάοικ,
967 1813 1001 1872 ct
1022 1803 1204 1871 insolenter
1226 1811 1276 1870 est
1296 1811 1333 1870 et

209 1907 444 1979 obscurissime
456 1908 626 1996 loquutus
659 1908 849 1996 Vtrumque
869 1930 977 1999 genus
1001 1906 1211 1995 equitationis
1227 1905 1332 1995 quale

207 2010 325 2094 fuerit,
359 2010 534 2079 eduobus
555 2009 792 2101 Xenophontis
828 2019 861 2077 et
891 2032 961 2076 uno
982 2009 1132 2079 Pollucis
1153 2009 1233 2078 loco
1258 2010 1331 2076 erui

208 2113 361 2183 debebit.
411 2115 467 2185 Ao
480 2113 647 2191 Polluxl.
664 2111 752 2181 214.
776 2113 824 2181 ita
838 2113 972 2181 scribit:
997 2114 1086 2208 πέδη
1106 2112 1173 2184 δέ’
1158 2108 1330 2201 ιππασίκ,

207 2245 231 2316 η
222 2205 483 2314 κυκλοτερής·
509 2210 682 2313 ἐπιμήκης
704 2218 814 2314 πέδη,
841 2243 864 2314 η
885 2243 1052 2312 μηκας
1014 2242 1066 2287 τοι
1054 2208 1193 2307 κύκλῳ
1214 2240 1331 2310 προς-

207 2324 368 2393 τιθεῖσα.
418 2319 537 2389 Facile
562 2321 618 2388 vel
640 2343 682 2388 ex
702 2318 757 2387 his
784 2328 897 2410 potest
918 2319 1082 2410 intelligi,
1128 2319 1237 2415 πέδην
1261 2339 1331 2385 nou

209 2445 282 2493 esse
312 2446 407 2508 eam,
448 2445 538 2514 quae
563 2422 888 2518 schluugerrschule
923 2421 1064 2505 dicitur,
1103 2420 1164 2488 sed
1195 2443 1331 2544 gyrum,

207 2550 313 2617 quem
339 2549 430 2597 nunc
456 2529 551 2597 volte
571 2535 704 2607 vocant
771 2527 892 2614 anue
926 2535 975 2593 est
995 2525 1084 2620 πέδη
1105 2517 1330 2619 κυκλοτερής.

209 2630 283 2699 Sed
301 2628 362 2698 hic
383 2652 488 2720 gyrus
509 2629 537 2696 si
561 2637 612 2696 est
631 2628 821 2717 oblongus,
846 2627 918 2695 ut'
907 2649 943 2694 m
962 2650 1092 2694 summa
1118 2635 1250 2695 tantum
1272 2634 1332 2693 at-

91 2752 105 2777 ²
209 2754 279 2821 qne
300 2731 370 2800 ima
396 2739 495 2822 parte
525 2731 603 2822 gyri
636 2731 786 2820 speciem
813 2727 1002 2815 habeat,
991 2752 1027 2798 ιιι
1046 2739 1191 2818 utroque
1218 2739 1332 2799 autem

207 2834 316 2902 latere
330 2832 420 2901 linea
433 2840 528 2902 recta
542 2833 767 2924 procedatur,
792 2834 881 2930 πέδη
896 2827 1067 2930 ἐπιμήκης
1081 2832 1214 2902 dicitur.
1240 2831 1332 2902 Cum

208 2935 278 3006 hac
304 2937 529 3026 explicatione
557 2938 646 3008 bene
683 2947 874 3027 congruunt
904 2958 992 3025 quae
1024 2936 1070 3003 de
1100 2935 1172 3005 hoc
1203 2958 1333 3027 genere

210 3039 422 3130 equitationis
434 3038 611 3130 praedicat
624 3038 835 3130 Xenophon:
860 3035 918 3113 ἐπ’
941 3035 1152 3134 α’μφοτέρας
1173 3033 1243 3134 γοὶρ
1264 3034 1332 3121 τάς

209 3135 371 3237 γνάθους
397 3136 625 3239 στρέφεσθαι
644 3140 767 3228 ἐθίζει.
816 3143 907 3212 Nam
923 3151 1094 3234 perpetuo
1109 3143 1199 3210 flexu
1213 3142 1249 3208 in
1255 3145 1333 3225 cir-

209 3247 327 3317 culum
347 3247 460 3338 agitur
482 3270 606 3335 equus,
638 3269 728 3316 nuuc
751 3246 886 3333 dextra,
911 3268 1001 3314 nunc
1017 3246 1124 3313 laeva.
1174 3245 1332 3314 Afferam

101 3377 107 3389 ·
210 3372 300 3418 nuno
323 3351 465 3420 alterum
485 3349 723 3441 Xenophontis
745 3351 880 3435 locum,
906 3352 965 3440 qui
992 3358 1040 3416 est
1064 3343 1175 3416 111..5
1227 3350 1260 3417 Is
1285 3350 1332 3418 ad

211 3451 369 3521 eamdem
384 3455 641 3542 explicationem
658 3453 762 3520 ducit.
818 3445 911 3533 Τοές
923 3480 963 3545 γε
974 3445 1049 3547 μήν
1065 3438 1333 3546 έτερογνάθους

211 3548 341 3654 μηνάει
352 3554 432 3682 μέν
437 3557 530 3650 καὶη
522 3553 637 3677 πέδη
651 3555 883 3672 καλουμένη
870 3554 1044 3642 ιππασιᾈα
1071 3548 1166 3625 πολυ
1180 3555 1216 3626 δὲ
1228 3556 1330 3647 μάλ-

211 3663 277 3732 λον
300 3656 360 3730 καί
384 3684 430 3730 το
422 3649 781 3786 μεταβάλλεσθαι
774 3685 847 3755 την
875 3660 1063 3730 truantur
1105 3658 1232 3730 πολλοὶ
1258 3652 1329 3754 γοὶρ
1384 3689 1390 3698 ·

212 3757 277 3835 οιὶκ
296 3760 561 3889 ἱγχειρρῦσιν’
543 3761 727 3887 εκφέρειν,
757 3759 802 3856 ἢν
826 3753 880 3884 μή
901 3757 981 3852 ἅμα
1011 3760 1134 3854 συμβῇ
1161 3787 1183 3854 η
1206 3759 1331 3841 αδικος

212 3858 350 3958 γνάθος
373 3862 436 3935 και
454 3891 476 3960 η
502 3889 593 3981 πρρς
610 3859 709 3935 οἷκον
732 3857 881 3959 ε’κφοροὶ.
933 3862 1152 3930 Verissimum
1166 3872 1214 3929 est
1229 3865 1331 3949 enim,

68 4000 74 4011 v
214 3990 337 4057 equos,
372 3966 432 4055 qui
454 3976 529 4034 sunt
554 3964 676 4055 impari
704 3987 783 4051 ore,
816 3966 946 4057 optime
971 3966 1006 4032 in
1034 3967 1126 4058 gyris
1156 3967 1330 4058 cognosci.

212 4071 302 4138 Nam
325 4091 393 4158 qua
421 4070 487 4138 oris
517 4077 616 4170 parte
641 4069 814 4137 molliores
851 4078 966 4156 sunt,
984 4069 1154 4141 facilius
1144 4092 1179 4137 ιιι
1205 4093 1331 4162 gyrum

214 4172 409 4254 flectuntur3
441 4197 510 4264 qua
532 4173 703 4258 duriores,
737 4196 842 4265 aegre
868 4173 960 4251 flecti
970 4183 1127 4264 possunt,
1153 4182 1257 4264 atque
1277 4169 1332 4242 in-

214 4275 348 4347 terdum
363 4277 525 4350 resistunt.
574 4276 623 4349 Vt
644 4274 742 4347 multi
762 4276 916 4349 dextrum
928 4301 1071 4372 gyrum,
1097 4276 1237 4366 quidam
1250 4279 1332 4347 siui-
