2826 4904
204 303 270 366 100
431 298 490 362 DE
515 296 700 362 ELLIPSI
726 298 782 362 ΕΤ
802 297 1091 363 PLEONASMO

205 472 250 542 Et
268 484 364 540 mox.

307 591 402 668 οὕτω
432 589 470 665 δὲ
485 617 547 662 ναι
537 586 600 663 od
614 585 674 659 ναὶ
687 581 734 662 τά
749 583 813 662 σάν
833 581 971 686 λάβρον
985 582 1107 681 στόμα

139 694 200 756 167
306 693 463 815 σμικροῦ
483 693 611 788 νέφους
631 684 717 782 τάχ
733 688 779 764 ἄν
796 717 852 771 τις
867 685 1059 771 exundans
1077 688 1224 785 μέρος

306 790 440 891 κοιμῶν
453 794 685 886 νοτασβὲσοιε
701 785 768 890 τήν
782 786 917 890 πολλήν
930 787 1033 890 βοήν.

203 930 251 1001 Vt
276 955 379 1003 unum
398 954 439 1000 ex
457 929 511 998 his
535 929 652 997 leviter
671 926 851 1018 attingam,
878 923 970 1007 εἶδος
990 919 1177 1007 κάλλιστος
1193 925 1319 997 dicitur
1346 942 1353 953 ·

203 1058 268 1126 pro
284 1031 375 1117 εἶδος
394 1036 483 1125 ἔχων
503 1025 703 1104 κάλλιστον.
753 1031 888 1098 Eodem
913 1029 1019 1097 modo
1043 1029 1140 1114 talia,
1163 1038 1201 1097 ut
1221 1033 1318 1103 πολ.

204 1131 269 1210 λάν
290 1134 437 1231 ἄριστος
460 1134 554 1202 initio
578 1133 790 1218 dicebantur,
822 1132 995 1222 inquibus
1022 1153 1103 1200 mox
1123 1132 1232 1200 multo
1254 1154 1320 1200 usu

204 1239 334 1308 factum
355 1247 421 1322 est,
452 1246 491 1305 ut
512 1234 715 1303 adiectivum
735 1243 888 1303 neutrum
910 1234 1062 1303 adverbii
1082 1233 1184 1301 instar
1204 1234 1320 1303 habe-

204 1350 313 1408 retur:
329 1362 426 1430 ‚quae
447 1338 533 1407 ratio
555 1336 679 1405 deinde
699 1337 856 1405 latissime
879 1336 1026 1405 diffundi
1045 1338 1169 1426 coepit.
1222 1337 1319 1422 Quid

205 1443 308 1533 igitur
320 1442 383 1511 sibi
396 1442 513 1509 volunt
526 1439 657 1530 ellipses
672 1440 771 1525 istae,
797 1439 842 1508 ad
857 1463 939 1529 quas
955 1439 1078 1530 ubique
1092 1438 1319 1534 confugiunt?

205 1547 259 1614 An
274 1547 354 1634 quia
372 1554 476 1635 poeta
494 1542 586 1627 dicit,

304 1674 489 1775 χωόμενον
502 1670 597 1750 κατά
611 1670 734 1770 θυμόν
746 1668 912 1762 ἐϋζώνοιο
927 1670 1109 1770 γυναικός,

203 1810 384 1906 χωόμενος
406 1815 495 1911 κῆρ,
527 1811 622 1902 quod
655 1810 747 1902 apud
771 1811 916 1881 eundem
939 1821 1004 1899 est,
1040 1834 1106 1904 pro
1135 1806 1316 1908 χωόμενος

203 1912 299 2035 aaa&
326 1917 392 2016 κῆρ
417 1917 545 1987 dietum
572 1914 790 2007 putabimus?
828 1924 887 1985 aut
912 1917 992 2005 quia
1017 1915 1115 1984 liiad
1146 1916 1224 1986 XV
1253 1915 1315 1986 00.

206 2019 306 2105 ‘1¹⁰¹‘
760 2111 954 2239 zaidono’
976 2111 1160 2210 ὀδυνάων,

307 2228 352 2296 αὶ
369 2220 435 2296 νῦν
448 2246 515 2314 μιν
529 2216 691 2317 τείρουσι
714 2214 810 2293 κατά
833 2221 985 2318 φρένας,

203 2359 300 2428 Iliad.
315 2359 375 2428 xl.
401 2354 486 2427 273.
507 2354 594 2425 400.
616 2376 694 2426 eum
711 2356 822 2450 elhps1
833 2357 1090 2450 praeposrtroms
1109 2356 1239 2444 dixisse,

761 2490 899 2592 ἤχθετο
915 2487 986 2592 γάρ
1002 2493 1094 2592 adp?
1368 2579 1371 2587 μ

203 2629 347 2697 Minime
362 2649 454 2697 vero.
505 2627 594 2716 Nam
611 2635 649 2696 ut
664 2624 752 2698 haee
769 2652 807 2697 re
830 2628 918 2703 nihil
933 2629 1107 2716 differant,
1132 2639 1168 2699 at
1183 2629 1314 2699 diverso

201 2742 314 2799 tamen
331 2731 437 2799 modo
459 2737 494 2797 et
516 2730 707 2821 cogitantur
730 2740 763 2799 et
786 2730 950 2800 dicuntur.
1001 2733 1045 2800 ld
1066 2755 1109 2800 ex
1132 2755 1175 2802 eo
1190 2733 1315 2802 intelli·

132 2886 136 2897 .
202 2835 310 2925 gitur,
337 2833 432 2921 quod
447 2853 515 2900 non
529 2832 654 2922 ubique
676 2828 773 2907 κατά
796 2833 877 2903 addi
890 2843 1011 2927 potest.
1062 2836 1103 2905 ln
1122 2835 1213 2923 hoc,

692 2962 760 3042 οόν
775 2970 814 3043 δὲ
831 2965 957 3053 σκότος
973 2966 1056 3045 ὅοσ”
1072 2964 1263 3068 ἐκάλυψεν,

200 3105 227 3173 si
253 3099 424 3194 quiscum
445 3102 604 3173 Leisnero
627 3103 661 3171 in
683 3106 896 3196 praefatione
915 3129 951 3198 p.
974 3104 1034 3175 282
1056 3100 1152 3179 κατά
1170 3109 1314 3200 intelligi

199 3209 310 3302 volet,
335 3206 508 3293 isrideat,
533 3230 576 3276 ne
587 3217 726 3298 poetam
749 3208 893 3278 absurda
906 3210 1019 3282 dicere
1033 3209 1144 3280 faeiat.
1178 3212 1315 3281 Etenim

200 3308 284 3384 κατ’
305 3308 390 3385 ὅσον
412 3311 440 3379 si
455 3311 605 3396 dixisset,
631 3319 688 3380 aut
701 3313 736 3379 in
749 3312 866 3399 oculis,
892 3322 950 3380 aut
963 3313 999 3380 in
1013 3321 1111 3404 parte
1125 3313 1314 3400 oculorum,

61 3496 64 3501 ¹
202 3423 260 3481 aut
277 3436 341 3504 per
354 3415 471 3482 oculos
487 3414 666 3506 caliginem
682 3415 814 3485 dixisset
830 3415 975 3484 offusam
992 3431 1072 3484 esse.
1113 3415 1207 3500 Quin
1225 3439 1315 3506 poe-

134 3523 258 3586 1ostae
272 3515 432 3605 fugerunt
446 3516 546 3584 etiam
559 3511 655 3590 κατά
670 3516 802 3603 dicere,
827 3519 892 3604 sio,
921 3526 958 3585 ut
981 3540 1022 3584 ea
1037 3519 1205 3608 particula
1219 3520 1318 3612 qood·

202 3620 255 3688 ad
278 3618 414 3709 aliquid
435 3618 559 3687 attinet
580 3620 791 3710 significaret.
843 3620 957 3705 Quare
970 3634 1151 3710 perperam
1164 3621 1316 3694 scholia-

201 3730 271 3818 otae
288 3721 358 3791 hoc
380 3720 562 3812 Sophoclis
585 3720 631 3791 de
647 3722 729 3791 Sole
752 3723 787 3790 in
800 3723 927 3793 Trach.
957 3722 1031 3791 102
1057 3723 1107 3814 *].

307 3851 404 3944 εἴπ’,
438 3853 731 3956 οἶνρατνστεάων
757 3857 841 3935 κατ’
869 3858 973 3954 ὄμμα
980 3913 995 3950 ,

202 4060 410 4078 rm

244 4189 272 4273 *)
294 4194 338 4254 De
359 4190 421 4254 hoe
442 4203 473 4256 et
493 4195 545 4274 qui
568 4195 703 4274 sequitur
724 4196 834 4281 Oedipi
855 4198 944 4281 Regis
966 4199 1035 4262 loeo
1061 4200 1179 4262 mutavi
1196 4207 1315 4264 oenten-

131 4285 136 4296 ‘
203 4276 305 4338 fiam
296 4297 329 4339 m
348 4279 476 4351 editione
492 4279 728 4345 Trachiniarum.
