2826 4904
457 315 506 376 ιιι
532 314 724 378 casses
754 284 937 379 emovi.
1186 323 1249 386 ιιι

139 487 271 577 ellipsin
293 487 438 578 lingeret
459 489 698 576 pronominum
713 493 844 570 ἐκεῖνος
861 497 895 558 et
907 484 1015 571 οὗτος
1028 498 1063 558 et
1078 490 1125 563 οἶ.
1176 493 1250 560 Eo-

138 590 217 657 dem
247 589 353 658 modo
384 590 649 680 praepositiones
678 615 795 660 omnes
825 593 885 660 ubi
909 593 1145 662 abverbiorum
1167 594 1249 666 loco

137 703 226 779 sunt,
253 703 371 785 aperte
388 694 569 784 repudiant
591 695 733 786 ellipsin.

236 828 394 899 Diversus
422 834 465 899 ab
488 831 558 904 hoc
577 855 703 924 genere
725 831 807 900 alius
830 840 879 900 est
899 830 1059 899 falsarum
1080 831 1249 924 ellipsium

134 930 227 1017 fons,
252 955 457 1024 quamquam
481 935 540 1004 ille
561 937 659 1005 valde
675 935 860 1025 speciosus:
884 932 977 1003 hunc
996 935 1095 1020 dico,
1120 936 1250 1024 quiesi

134 1034 169 1102 in
190 1035 321 1104 articuli
337 1059 399 1104 usu
422 1061 511 1108 nunc
532 1060 610 1107 curn
632 1039 800 1131 genitivo,
825 1037 1018 1122 intellectis,
1043 1046 1081 1105 ut
1101 1047 1249 1129 putatur,

134 1139 324 1206 nominibus
345 1136 519 1236 ἁδελφός,
560 1136 672 1263 αιῆρ,
705 1134 812 1235 γυνή,
845 1133 1075 1229 διδάσκαλος,
1108 1141 1248 1228 δοῦλος,

135 1235 315 1364 θυγαιήρ
332 1238 517 1338 μαθητής,
543 1237 678 1339 μήτηρ,
707 1246 846 1330 οἰκεῖος,
872 1235 1008 1337 πατήρ,
1036 1237 1248 1338 στρατηγός,

134 1337 233 1431 υἱός,
266 1345 348 1412 item
373 1341 534 1414 verbo
511 1340 727 1438 αιιίιιειμαι,·
765 1368 854 1414 nunc
884 1367 962 1412 cum
986 1347 1249 1435 praepositione,

134 1447 250 1535 qualia
265 1457 340 1516 sunt
361 1476 409 1520 ea
430 1440 519 1542 πρός
540 1447 700 1541 πολεμον
708 1502 722 1535 ,
749 1443 796 1519 od
812 1475 860 1527 εις
873 1449 954 1539 ἐμέ,
979 1473 1024 1519 το
1039 1476 1131 1521 κατα
1149 1474 1249 1535 τινα)

137 1544 277 1643 ὁπαριέ
290 1577 406 1641 τινος,
434 1547 456 1622 ὁ
478 1549 539 1622 ἐπί
559 1576 677 1639 τινος,
704 1544 818 1623 όιιπό
841 1577 944 1634 τινα,
971 1554 1007 1620 οἱ
1024 1551 1061 1621 ia
1076 1572 1248 1638 arcear.

134 1674 171 1742 p.
195 1650 255 1718 32.
284 1652 369 1720 ΖΠ.
396 1651 482 1720 3Ί9.
509 1651 596 1720 46Ί.
622 1650 709 1719 519.
735 1675 824 1720 nuuc
849 1673 926 1720 cum
948 1650 1130 1735 adverbio,
1168 1649 1250 1717 ut
1227 1677 1247 1723 o

135 1749 252 1842 πάνυ,
289 1785 324 1828 οι
317 1757 469 1843 ἔιδον,
508 1761 545 1826 οἱ
568 1753 662 1827 drot
694 1754 876 1843 inquibus
909 1753 1071 1843 exemplis
1095 1753 1249 1821 omuibus

134 1880 270 1942 vereor,
296 1881 361 1947 ne,
388 1880 474 1946 quae
497 1858 700 1925 existimatur
721 1858 844 1948 ellipsis
859 1879 947 1942 esse,
972 1857 1066 1923 nulla
1084 1857 1133 1924 sit.
1184 1858 1248 1925 Et·
1256 1859 1318 1921 120

134 1961 224 2029 euim
239 1961 334 2050 quod
347 1961 391 2029 ad
405 1960 590 2051 genitivum
608 1960 740 2045 attinet,
764 1960 792 2027 is
809 1982 902 2028 casus
918 1982 1024 2049 quum
1043 1961 1143 2026 etiam
1161 1960 1251 2026 solus

133 2086 199 2155 per
230 2087 352 2132 serem
374 2064 556 2156 significet,
595 2065 689 2134 cuius
711 2063 804 2131 aliud
827 2061 912 2153 quid
941 2065 1162 2130 accessorium
1188 2066 1250 2146 est,

134 2166 220 2255 quid
240 2167 404 2257 impedit,
438 2167 613 2254 quominus
639 2168 752 2233 omnia
772 2166 835 2232 ista
849 2165 1005 2253 exempla
1021 2165 1068 2231 sic
1084 2166 1252 2252 interpre-

132 2278 264 2352 temur,
289 2278 328 2334 ut
350 2267 461 2357 ellipsi
484 2289 599 2335 carere
621 2266 809 2356 possimus?
841 2267 895 2333 Ac
917 2288 959 2332 ne
978 2264 1016 2331 id
1037 2287 1116 2333 meo
1142 2265 1251 2355 magis

134 2369 294 2454 arbitrio,
334 2392 437 2463 quam
459 2368 589 2436 idoneis
620 2369 824 2459 argumentis
850 2368 955 2434 fretus
983 2367 1096 2436 dicere
1124 2368 1252 2454 videar,

134 2473 401 2563 locupletissimo
425 2479 499 2539 utar
528 2480 562 2539 et
588 2470 812 2558 antiquissimo
833 2479 987 2555 auctore,
1020 2469 1191 2538 Homero:
1231 2494 1252 2538 a

136 2577 230 2646 cuius
258 2597 410 2644 sermone
430 2598 535 2663 quum
563 2573 750 2643 istiusmodi
777 2574 948 2640 nominum
972 2573 1097 2663 ellipsis
1115 2595 1253 2665 prorsus

136 2680 246 2747 aliena
273 2681 332 2764 sit,
359 2701 428 2745 nou
445 2679 507 2746 ille
528 2687 642 2747 tamen
666 2677 832 2744 dubitavit
853 2677 966 2745 dicere
986 2672 1129 2772 Ὀϊλῆος
1143 2669 1253 2764 ταχιῖς

135 2783 254 2870 Αἴας,
284 2782 378 2870 quod
401 2803 469 2849 ιιοιι
492 2782 601 2874 magis
622 2780 772 2871 elliptice
796 2780 924 2849 dictum
948 2787 1017 2865 est,
1043 2801 1152 2883 quanp
1164 2778 1253 2848 illud

135 2885 289 2976 Virgilii,

239 2987 404 3056 Hectoris
419 2986 675 3056 Andromache
692 2981 1049 3075 Pyrrhin’eoanodio
1068 2978 1220 3054 servae?

136 3133 194 3192 aut
210 3124 299 3194 haec
316 3123 529 3215 Sophoclis
520 3147 554 3191 m
571 3125 676 3193 Aiace
697 3148 729 3191 v.
745 3121 830 3189 172.

238 3256 331 3358 ἦριἷ
360 3287 400 3333 σε
428 3253 639 3356 ταυροπόλοι
665 3251 766 3338 Aroe
780 3257 971 3352 Ἄρτεμις,

136 3405 220 3465 etv
246 3395 332 3470 401

240 3529 331 3608 αλλα
350 3561 379 3627 μ
412 3563 434 3606 α
427 3527 551 3613 Διὸς

238 3631 373 3728 α’λιιίμα
390 3632 487 3717 θεός.

135 3773 173 3839 Ιιι
186 3772 241 3840 his
258 3775 348 3841 euim
363 3774 447 3844 locis
460 3774 547 3841 Aiax
564 3781 599 3839 et
611 3769 856 3839 Andromacha
874 3778 907 3836 et
922 3768 1031 3836 Diana
1048 3771 1082 3831 et
1096 3761 1253 3831 Minerva
1286 3762 1292 3776 “

135 3898 207 3943 ιιοιι
223 3899 318 3946 secus
344 3875 435 3945 Oilei
458 3886 493 3943 et
513 3876 672 3943 Hectoris
696 3883 730 3940 et
747 3873 835 3939 lovis
859 3895 930 3939 esse
952 3870 1123 3949 dicuntur,
1150 3887 1252 3952 quam

135 4002 371 4068 quaecumque
386 3981 451 4046 alia
465 4002 518 4045 res
530 3979 598 4047 dici
611 3978 732 4067 potuit,
759 3998 846 4063 quae
859 3973 984 4039 horum
1001 3968 1141 4061 propria
1158 3978 1252 4035 esset.

134 4084 210 4153 Nec
229 4096 314 4174 puto
329 4085 421 4170 fore,
447 4082 506 4168 qui
522 4082 623 4147 aliam
637 4078 840 4149 contendant
854 4077 990 4142 illorum
1013 4094 1085 4138 esse
1099 4072 1253 4139 locorum

135 4187 316 4271 rationem,
348 4187 382 4252 iu
402 4185 524 4274 quibus
551 4183 687 4250 additur
713 4183 879 4248 articulus.
931 4175 1025 4243 Nihil
1043 4175 1131 4241 enim
1147 4184 1254 4241 mutat

136 4290 313 4374 articulus,
340 4289 398 4378 qui
420 4309 499 4357 cum
513 4287 607 4353 initio
621 4286 673 4411 lris
689 4307 826 4374 quoque
847 4283 882 4348 in
896 4279 1061 4451 formluhs2
1064 4298 1253 4368 pronomen
