<?xml version="1.0" encoding="UTF-8"?>
<!DOCTYPE html PUBLIC "-//W3C//DTD XHTML 1.0 Transitional//EN"
    "http://www.w3.org/TR/xhtml1/DTD/xhtml1-transitional.dtd">
<html xmlns="http://www.w3.org/1999/xhtml" xml:lang="en" lang="en">
 <head>
  <title>
</title>
<meta http-equiv="Content-Type" content="text/html;charset=utf-8" />
  <meta name='ocr-system' content='tesseract 3.04.00' />
  <meta name='ocr-capabilities' content='ocr_page ocr_carea ocr_par ocr_line ocrx_word'/>
</head>
<body>
  <div class='ocr_page' id='page_1' title='image "./opuscula02hermgoog/opuscula02hermgoog_0204.png"; bbox 0 0 2826 4904; ppageno 0'>
   <div class='ocr_carea' id='block_1_1' title="bbox 472 272 1267 363">
    <p class='ocr_par' dir='ltr' id='par_1_1' title="bbox 472 272 1267 363">
     <span class='ocr_line' id='line_1_1' title="bbox 472 272 1267 363; baseline 0.021 -17"><span class='ocrx_word' id='word_1_1' title='bbox 472 285 519 348; x_wconf 85' lang='lat' dir='ltr'>m</span> <span class='ocrx_word' id='word_1_2' title='bbox 545 286 735 356; x_wconf 78' lang='lat' dir='ltr'>caruca</span> <span class='ocrx_word' id='word_1_3' title='bbox 762 272 951 354; x_wconf 72' lang='lat' dir='ltr'>arnovi.</span> <span class='ocrx_word' id='word_1_4' title='bbox 1203 297 1267 363; x_wconf 75' lang='lat' dir='ltr'>ns</span> 
     </span>
    </p>
   </div>
   <div class='ocr_carea' id='block_1_2' title="bbox 118 392 1395 4433">
    <p class='ocr_par' dir='ltr' id='par_1_2' title="bbox 133 392 1273 860">
     <span class='ocr_line' id='line_1_2' title="bbox 133 392 153 429; baseline 0 0"><span class='ocrx_word' id='word_1_5' title='bbox 133 392 153 429; x_wconf 72' lang='lat'>0</span> 
     </span>
     <span class='ocr_line' id='line_1_3' title="bbox 148 450 1266 552; baseline 0.013 -27"><span class='ocrx_word' id='word_1_6' title='bbox 148 455 278 526; x_wconf 83' lang='lat' dir='ltr'>omisso</span> <span class='ocrx_word' id='word_1_7' title='bbox 306 450 491 549; x_wconf 66' lang='lat' dir='ltr'>nordheri</span> <span class='ocrx_word' id='word_1_8' title='bbox 506 466 651 550; x_wconf 89' lang='lat' dir='ltr'>putatur.</span> <span class='ocrx_word' id='word_1_9' title='bbox 700 461 822 552; x_wconf 84' lang='lat' dir='ltr'>Neque</span> <span class='ocrx_word' id='word_1_10' title='bbox 839 465 1018 534; x_wconf 86' lang='lat' dir='ltr'>obscurum</span> <span class='ocrx_word' id='word_1_11' title='bbox 1033 470 1100 548; x_wconf 85' lang='lat' dir='ltr'>est,</span> <span class='ocrx_word' id='word_1_12' title='bbox 1131 471 1168 534; x_wconf 91' lang='lat' dir='ltr'>ut</span> <span class='ocrx_word' id='word_1_13' title='bbox 1191 466 1266 549; x_wconf 78' lang='grc' dir='ltr'><strong><em>ἴσος</em></strong></span> 
     </span>
     <span class='ocr_line' id='line_1_4' title="bbox 149 552 1266 657; baseline 0.009 -30"><span class='ocrx_word' id='word_1_14' title='bbox 149 559 209 628; x_wconf 90' lang='lat' dir='ltr'>vel</span> <span class='ocrx_word' id='word_1_15' title='bbox 223 552 351 653; x_wconf 83' lang='grc' dir='ltr'>ὅμοιός</span> <span class='ocrx_word' id='word_1_16' title='bbox 366 588 441 633; x_wconf 76' lang='grc' dir='ltr'>τινι</span> <span class='ocrx_word' id='word_1_17' title='bbox 457 561 594 648; x_wconf 90' lang='lat' dir='ltr'>dicitur,</span> <span class='ocrx_word' id='word_1_18' title='bbox 619 564 667 632; x_wconf 90' lang='lat' dir='ltr'>sic</span> <span class='ocrx_word' id='word_1_19' title='bbox 685 565 785 632; x_wconf 88' lang='lat' dir='ltr'>etiam</span> <span class='ocrx_word' id='word_1_20' title='bbox 801 564 824 639; x_wconf 81' lang='grc' dir='ltr'><em>ὁ</em></span> <span class='ocrx_word' id='word_1_21' title='bbox 841 561 953 648; x_wconf 74' lang='grc' dir='ltr'><strong><em>αὐτός</em></strong></span> <span class='ocrx_word' id='word_1_22' title='bbox 964 593 1040 647; x_wconf 75' lang='grc' dir='ltr'>τινι</span> <span class='ocrx_word' id='word_1_23' title='bbox 1061 566 1146 653; x_wconf 90' lang='lat' dir='ltr'>dici,</span> <span class='ocrx_word' id='word_1_24' title='bbox 1171 569 1266 657; x_wconf 93' lang='lat' dir='ltr'>quod</span> 
     </span>
     <span class='ocr_line' id='line_1_5' title="bbox 148 661 1266 760; baseline 0.009 -30"><span class='ocrx_word' id='word_1_25' title='bbox 148 684 222 730; x_wconf 90' lang='lat' dir='ltr'>non</span> <span class='ocrx_word' id='word_1_26' title='bbox 241 661 365 731; x_wconf 88' lang='lat' dir='ltr'>rectius</span> <span class='ocrx_word' id='word_1_27' title='bbox 385 686 453 755; x_wconf 91' lang='lat' dir='ltr'>per</span> <span class='ocrx_word' id='word_1_28' title='bbox 471 665 602 756; x_wconf 81' lang='lat' dir='ltr'>ellipsin</span> <span class='ocrx_word' id='word_1_29' title='bbox 625 667 793 755; x_wconf 82' lang='lat' dir='ltr'>explicant</span> <span class='ocrx_word' id='word_1_30' title='bbox 811 692 847 760; x_wconf 92' lang='lat' dir='ltr'>p.</span> <span class='ocrx_word' id='word_1_31' title='bbox 860 667 958 754; x_wconf 71' lang='lat' dir='ltr'>ula,</span> <span class='ocrx_word' id='word_1_32' title='bbox 984 692 1086 758; x_wconf 89' lang='lat' dir='ltr'>quam</span> <span class='ocrx_word' id='word_1_33' title='bbox 1100 688 1205 759; x_wconf 87' lang='lat' dir='ltr'>quum</span> <span class='ocrx_word' id='word_1_34' title='bbox 1219 671 1266 739; x_wconf 92' lang='lat' dir='ltr'>ad</span> 
     </span>
     <span class='ocr_line' id='line_1_6' title="bbox 152 762 1273 860; baseline 0.005 -23"><span class='ocrx_word' id='word_1_35' title='bbox 152 762 232 858; x_wconf 80' lang='grc' dir='ltr'>ἅμα</span> <span class='ocrx_word' id='word_1_36' title='bbox 245 763 323 838; x_wconf 76' lang='grc' dir='ltr'>τινί</span> <span class='ocrx_word' id='word_1_37' title='bbox 337 787 374 854; x_wconf 86' lang='lat' dir='ltr'>p.</span> <span class='ocrx_word' id='word_1_38' title='bbox 393 764 479 835; x_wconf 68' lang='lat'>744.</span> <span class='ocrx_word' id='word_1_39' title='bbox 506 762 573 840; x_wconf 75' lang='lat' dir='ltr'>criu</span> <span class='ocrx_word' id='word_1_40' title='bbox 585 768 840 860; x_wconf 84' lang='lat' dir='ltr'>intelligendum</span> <span class='ocrx_word' id='word_1_41' title='bbox 861 781 1005 844; x_wconf 73' lang='lat' dir='ltr'>censent</span> <span class='ocrx_word' id='word_1_42' title='bbox 1271 843 1273 847; x_wconf 82' lang='grc'><strong>,</strong></span> 
     </span>
    </p>

    <p class='ocr_par' dir='ltr' id='par_1_3' title="bbox 118 866 1266 1477">
     <span class='ocr_line' id='line_1_7' title="bbox 118 866 1266 962; baseline 0.008 -27"><span class='ocrx_word' id='word_1_43' title='bbox 118 952 121 962; x_wconf 31' lang='grc' dir='ltr'>Ι</span> <span class='ocrx_word' id='word_1_44' title='bbox 254 866 326 936; x_wconf 86' lang='lat' dir='ltr'>Sed</span> <span class='ocrx_word' id='word_1_45' title='bbox 346 867 471 960; x_wconf 84' lang='lat' dir='ltr'>duplex</span> <span class='ocrx_word' id='word_1_46' title='bbox 487 873 800 940; x_wconf 87' lang='lat' dir='ltr'>commemorandus</span> <span class='ocrx_word' id='word_1_47' title='bbox 814 882 863 950; x_wconf 89' lang='lat' dir='ltr'>est</span> <span class='ocrx_word' id='word_1_48' title='bbox 876 874 980 941; x_wconf 91' lang='lat' dir='ltr'>dativi</span> <span class='ocrx_word' id='word_1_49' title='bbox 999 897 1086 958; x_wconf 85' lang='lat' dir='ltr'>usus,</span> <span class='ocrx_word' id='word_1_50' title='bbox 1109 874 1169 962; x_wconf 92' lang='lat' dir='ltr'>qui</span> <span class='ocrx_word' id='word_1_51' title='bbox 1190 897 1266 944; x_wconf 89' lang='lat' dir='ltr'>ma·</span> 
     </span>
     <span class='ocr_line' id='line_1_8' title="bbox 149 969 1263 1069; baseline 0.008 -32"><span class='ocrx_word' id='word_1_52' title='bbox 149 969 259 1069; x_wconf 87' lang='lat' dir='ltr'>iorem</span> <span class='ocrx_word' id='word_1_53' title='bbox 281 969 387 1038; x_wconf 88' lang='lat' dir='ltr'>habet</span> <span class='ocrx_word' id='word_1_54' title='bbox 408 974 550 1041; x_wconf 87' lang='lat' dir='ltr'>omissae</span> <span class='ocrx_word' id='word_1_55' title='bbox 563 976 820 1064; x_wconf 73' lang='lat' dir='ltr'>praepositionis</span> <span class='ocrx_word' id='word_1_56' title='bbox 836 976 992 1066; x_wconf 89' lang='lat' dir='ltr'>speciem.</span> <span class='ocrx_word' id='word_1_57' title='bbox 1043 975 1143 1044; x_wconf 91' lang='lat' dir='ltr'>Talia</span> <span class='ocrx_word' id='word_1_58' title='bbox 1162 979 1263 1064; x_wconf 92' lang='lat' dir='ltr'>enirn,</span> 
     </span>
     <span class='ocr_line' id='line_1_9' title="bbox 149 1066 1264 1173; baseline 0.012 -32"><span class='ocrx_word' id='word_1_59' title='bbox 149 1066 393 1170; x_wconf 65' lang='grc' dir='ltr'>ιιίἈθὴνῃσι,</span> <span class='ocrx_word' id='word_1_60' title='bbox 419 1079 624 1168; x_wconf 78' lang='grc' dir='ltr'><strong><em>Σαλαμῖνι,</em></strong></span> <span class='ocrx_word' id='word_1_61' title='bbox 651 1075 835 1169; x_wconf 67' lang='grc' dir='ltr'>ὑπερωΐῳ,</span> <span class='ocrx_word' id='word_1_62' title='bbox 861 1072 1036 1172; x_wconf 64' lang='lat' dir='ltr'>vitipater,</span> <span class='ocrx_word' id='word_1_63' title='bbox 1061 1078 1148 1172; x_wconf 79' lang='grc' dir='ltr'>τῇδε</span> <span class='ocrx_word' id='word_1_64' title='bbox 1169 1077 1264 1173; x_wconf 82' lang='grc' dir='ltr'><em>ἡμέ-</em></span> 
     </span>
     <span class='ocr_line' id='line_1_10' title="bbox 152 1178 1264 1272; baseline 0.006 -28"><span class='ocrx_word' id='word_1_65' title='bbox 152 1201 201 1272; x_wconf 79' lang='grc' dir='ltr'>ρᾳ</span> <span class='ocrx_word' id='word_1_66' title='bbox 208 1229 222 1264; x_wconf 86' lang='grc'><strong><em>,</em></strong></span> <span class='ocrx_word' id='word_1_67' title='bbox 249 1198 354 1264; x_wconf 92' lang='lat' dir='ltr'>quum</span> <span class='ocrx_word' id='word_1_68' title='bbox 367 1199 432 1267; x_wconf 90' lang='lat' dir='ltr'>per</span> <span class='ocrx_word' id='word_1_69' title='bbox 446 1178 629 1246; x_wconf 80' lang='lat' dir='ltr'>ablativum</span> <span class='ocrx_word' id='word_1_70' title='bbox 650 1180 808 1269; x_wconf 85' lang='lat' dir='ltr'>explicari</span> <span class='ocrx_word' id='word_1_71' title='bbox 821 1188 1005 1268; x_wconf 86' lang='lat' dir='ltr'>nequeant,</span> <span class='ocrx_word' id='word_1_72' title='bbox 1030 1178 1116 1246; x_wconf 91' lang='lat' dir='ltr'>nihil</span> <span class='ocrx_word' id='word_1_73' title='bbox 1130 1181 1264 1268; x_wconf 82' lang='lat' dir='ltr'>mirum,</span> 
     </span>
     <span class='ocr_line' id='line_1_11' title="bbox 151 1277 1264 1376; baseline 0.004 -31"><span class='ocrx_word' id='word_1_74' title='bbox 151 1280 178 1345; x_wconf 84' lang='lat' dir='ltr'>si</span> <span class='ocrx_word' id='word_1_75' title='bbox 193 1302 214 1345; x_wconf 91' lang='lat' dir='ltr'>a</span> <span class='ocrx_word' id='word_1_76' title='bbox 226 1277 396 1370; x_wconf 90' lang='lat' dir='ltr'>plerisque</span> <span class='ocrx_word' id='word_1_77' title='bbox 410 1280 557 1371; x_wconf 88' lang='lat' dir='ltr'>elliptica</span> <span class='ocrx_word' id='word_1_78' title='bbox 570 1280 747 1349; x_wconf 85' lang='lat' dir='ltr'>habentur.</span> <span class='ocrx_word' id='word_1_79' title='bbox 798 1285 846 1352; x_wconf 89' lang='lat' dir='ltr'>At</span> <span class='ocrx_word' id='word_1_80' title='bbox 865 1307 908 1350; x_wconf 92' lang='lat' dir='ltr'>ne</span> <span class='ocrx_word' id='word_1_81' title='bbox 922 1281 982 1352; x_wconf 92' lang='lat' dir='ltr'>hic</span> <span class='ocrx_word' id='word_1_82' title='bbox 995 1281 1133 1370; x_wconf 87' lang='lat' dir='ltr'>quidem</span> <span class='ocrx_word' id='word_1_83' title='bbox 1152 1283 1264 1376; x_wconf 88' lang='lat' dir='ltr'>ellipsi</span> 
     </span>
     <span class='ocr_line' id='line_1_12' title="bbox 151 1378 1264 1477; baseline 0.005 -30"><span class='ocrx_word' id='word_1_84' title='bbox 151 1403 238 1471; x_wconf 92' lang='lat' dir='ltr'>opus</span> <span class='ocrx_word' id='word_1_85' title='bbox 270 1389 339 1466; x_wconf 89' lang='lat' dir='ltr'>est,</span> <span class='ocrx_word' id='word_1_86' title='bbox 383 1383 462 1469; x_wconf 90' lang='lat' dir='ltr'>quia</span> <span class='ocrx_word' id='word_1_87' title='bbox 485 1383 613 1451; x_wconf 82' lang='lat' dir='ltr'>dativus</span> <span class='ocrx_word' id='word_1_88' title='bbox 643 1386 743 1452; x_wconf 90' lang='lat' dir='ltr'>etiam</span> <span class='ocrx_word' id='word_1_89' title='bbox 764 1378 840 1454; x_wconf 51' lang='lat' dir='ltr'>¹sine</span> <span class='ocrx_word' id='word_1_90' title='bbox 859 1385 1109 1477; x_wconf 86' lang='lat' dir='ltr'>praepositione</span> <span class='ocrx_word' id='word_1_91' title='bbox 1130 1386 1264 1455; x_wconf 88' lang='lat' dir='ltr'>sufficit.</span> 
     </span>
    </p>

    <p class='ocr_par' dir='ltr' id='par_1_4' title="bbox 149 1484 1260 1584">
     <span class='ocr_line' id='line_1_13' title="bbox 149 1484 1260 1584; baseline 0.005 -32"><span class='ocrx_word' id='word_1_92' title='bbox 149 1484 239 1552; x_wconf 89' lang='lat' dir='ltr'>Nam</span> <span class='ocrx_word' id='word_1_93' title='bbox 261 1484 355 1572; x_wconf 91' lang='lat' dir='ltr'>quod</span> <span class='ocrx_word' id='word_1_94' title='bbox 379 1485 479 1555; x_wconf 89' lang='lat' dir='ltr'>alicui</span> <span class='ocrx_word' id='word_1_95' title='bbox 499 1488 549 1554; x_wconf 90' lang='lat' dir='ltr'>rei</span> <span class='ocrx_word' id='word_1_96' title='bbox 579 1510 650 1554; x_wconf 89' lang='lat' dir='ltr'>esse</span> <span class='ocrx_word' id='word_1_97' title='bbox 683 1488 839 1584; x_wconf 81' lang='lat' dir='ltr'>dicimus,</span> <span class='ocrx_word' id='word_1_98' title='bbox 872 1488 911 1556; x_wconf 90' lang='lat' dir='ltr'>id</span> <span class='ocrx_word' id='word_1_99' title='bbox 932 1511 975 1556; x_wconf 84' lang='lat' dir='ltr'>ne</span> <span class='ocrx_word' id='word_1_100' title='bbox 995 1496 1107 1578; x_wconf 90' lang='lat' dir='ltr'>potest</span> <span class='ocrx_word' id='word_1_101' title='bbox 1121 1489 1260 1576; x_wconf 92' lang='lat' dir='ltr'>quidem</span> 
     </span>
    </p>

    <p class='ocr_par' dir='ltr' id='par_1_5' title="bbox 152 1586 1362 1681">
     <span class='ocr_line' id='line_1_14' title="bbox 152 1586 1362 1681; baseline 0.002 -27"><span class='ocrx_word' id='word_1_102' title='bbox 152 1587 248 1654; x_wconf 87' lang='lat' dir='ltr'>aliter</span> <span class='ocrx_word' id='word_1_103' title='bbox 266 1586 393 1656; x_wconf 88' lang='lat' dir='ltr'>dictum</span> <span class='ocrx_word' id='word_1_104' title='bbox 414 1589 543 1681; x_wconf 89' lang='lat' dir='ltr'>accipi,</span> <span class='ocrx_word' id='word_1_105' title='bbox 568 1590 630 1657; x_wconf 90' lang='lat' dir='ltr'>nisi</span> <span class='ocrx_word' id='word_1_106' title='bbox 653 1589 716 1679; x_wconf 89' lang='lat' dir='ltr'>sic,</span> <span class='ocrx_word' id='word_1_107' title='bbox 747 1600 784 1657; x_wconf 86' lang='lat' dir='ltr'>ut</span> <span class='ocrx_word' id='word_1_108' title='bbox 806 1591 850 1657; x_wconf 93' lang='lat' dir='ltr'>ad</span> <span class='ocrx_word' id='word_1_109' title='bbox 874 1613 949 1658; x_wconf 88' lang='lat' dir='ltr'>eam</span> <span class='ocrx_word' id='word_1_110' title='bbox 969 1612 1042 1657; x_wconf 90' lang='lat' dir='ltr'>rem</span> <span class='ocrx_word' id='word_1_111' title='bbox 1063 1591 1201 1674; x_wconf 86' lang='lat' dir='ltr'>referri,</span> <span class='ocrx_word' id='word_1_112' title='bbox 1228 1598 1267 1657; x_wconf 80' lang='lat' dir='ltr'>et&#39;</span> <span class='ocrx_word' id='word_1_113' title='bbox 1358 1632 1362 1638; x_wconf 69' lang='grc'><strong>»</strong></span> 
     </span>
    </p>

    <p class='ocr_par' dir='ltr' id='par_1_6' title="bbox 150 1685 1288 1787">
     <span class='ocr_line' id='line_1_15' title="bbox 150 1685 1288 1787; baseline 0.006 -30"><span class='ocrx_word' id='word_1_114' title='bbox 150 1710 240 1757; x_wconf 90' lang='lat' dir='ltr'>nunc</span> <span class='ocrx_word' id='word_1_115' title='bbox 268 1691 406 1780; x_wconf 89' lang='lat' dir='ltr'>proprie</span> <span class='ocrx_word' id='word_1_116' title='bbox 432 1693 467 1758; x_wconf 93' lang='lat' dir='ltr'>in</span> <span class='ocrx_word' id='word_1_117' title='bbox 499 1715 539 1759; x_wconf 90' lang='lat' dir='ltr'>ea</span> <span class='ocrx_word' id='word_1_118' title='bbox 565 1693 687 1776; x_wconf 91' lang='lat' dir='ltr'>inesse,</span> <span class='ocrx_word' id='word_1_119' title='bbox 719 1702 757 1760; x_wconf 92' lang='lat' dir='ltr'>ut</span> <span class='ocrx_word' id='word_1_120' title='bbox 782 1690 804 1787; x_wconf 81' lang='grc' dir='ltr'><em>ἡ</em></span> <span class='ocrx_word' id='word_1_121' title='bbox 826 1687 1030 1786; x_wconf 69' lang='grc' dir='ltr'>Ἀθήνῃσιν</span> <span class='ocrx_word' id='word_1_122' title='bbox 1055 1685 1288 1783; x_wconf 73' lang='grc' dir='ltr'>ἀκρόπολις,-</span> 
     </span>
    </p>

    <p class='ocr_par' dir='ltr' id='par_1_7' title="bbox 152 1790 1262 1885">
     <span class='ocr_line' id='line_1_16' title="bbox 152 1790 1262 1885; baseline 0.001 -25"><span class='ocrx_word' id='word_1_123' title='bbox 152 1813 242 1877; x_wconf 79' lang='lat' dir='ltr'>uru,</span> <span class='ocrx_word' id='word_1_124' title='bbox 268 1800 424 1883; x_wconf 85' lang='lat' dir='ltr'>quaeest</span> <span class='ocrx_word' id='word_1_125' title='bbox 439 1793 519 1862; x_wconf 83' lang='lat' dir='ltr'>urbi</span> <span class='ocrx_word' id='word_1_126' title='bbox 532 1794 771 1878; x_wconf 77' lang='lat' dir='ltr'>Athenarum,</span> <span class='ocrx_word' id='word_1_127' title='bbox 797 1794 865 1860; x_wconf 92' lang='lat' dir='ltr'>sive</span> <span class='ocrx_word' id='word_1_128' title='bbox 886 1813 993 1885; x_wconf 84' lang='lat' dir='ltr'>quum</span> <span class='ocrx_word' id='word_1_129' title='bbox 1007 1790 1262 1862; x_wconf 83' lang='lat' dir='ltr'>habentAthe-</span> 
     </span>
    </p>

    <p class='ocr_par' dir='ltr' id='par_1_8' title="bbox 149 1895 1299 1988">
     <span class='ocr_line' id='line_1_17' title="bbox 149 1895 1299 1988; baseline 0.005 -26"><span class='ocrx_word' id='word_1_130' title='bbox 149 1916 239 1980; x_wconf 83' lang='lat' dir='ltr'>nae,</span> <span class='ocrx_word' id='word_1_131' title='bbox 264 1917 352 1963; x_wconf 91' lang='lat' dir='ltr'>nunc</span> <span class='ocrx_word' id='word_1_132' title='bbox 372 1895 492 1963; x_wconf 88' lang='lat' dir='ltr'>ineius</span> <span class='ocrx_word' id='word_1_133' title='bbox 513 1905 677 1987; x_wconf 88' lang='lat' dir='ltr'>potestate</span> <span class='ocrx_word' id='word_1_134' title='bbox 698 1918 767 1964; x_wconf 89' lang='lat' dir='ltr'>esse</span> <span class='ocrx_word' id='word_1_135' title='bbox 792 1896 1014 1987; x_wconf 81' lang='lat' dir='ltr'>significetur,</span> <span class='ocrx_word' id='word_1_136' title='bbox 1039 1902 1078 1962; x_wconf 94' lang='lat' dir='ltr'>ut</span> <span class='ocrx_word' id='word_1_137' title='bbox 1097 1896 1175 1968; x_wconf 83' lang='grc' dir='ltr'>ἔστι</span> <span class='ocrx_word' id='word_1_138' title='bbox 1192 1922 1261 1988; x_wconf 83' lang='grc' dir='ltr'>μοι</span> <span class='ocrx_word' id='word_1_139' title='bbox 1293 1958 1299 1980; x_wconf 86' lang='grc'><em>,</em></span> 
     </span>
    </p>

    <p class='ocr_par' dir='ltr' id='par_1_9' title="bbox 149 1989 1261 2093">
     <span class='ocr_line' id='line_1_18' title="bbox 149 1989 1261 2093; baseline -0.004 -24"><span class='ocrx_word' id='word_1_140' title='bbox 149 1989 252 2093; x_wconf 78' lang='grc' dir='ltr'><em>δόρυ.</em></span> <span class='ocrx_word' id='word_1_141' title='bbox 317 1997 461 2066; x_wconf 87' lang='lat' dir='ltr'>Fallitur</span> <span class='ocrx_word' id='word_1_142' title='bbox 493 2020 577 2090; x_wconf 82' lang='lat' dir='ltr'>ergo</span> <span class='ocrx_word' id='word_1_143' title='bbox 611 1997 809 2066; x_wconf 88' lang='lat' dir='ltr'>Latinorum</span> <span class='ocrx_word' id='word_1_144' title='bbox 825 2040 827 2044; x_wconf 93' lang='lat'>·</span> <span class='ocrx_word' id='word_1_145' title='bbox 843 2021 904 2066; x_wconf 90' lang='lat' dir='ltr'>usu</span> <span class='ocrx_word' id='word_1_146' title='bbox 941 1997 1102 2089; x_wconf 90' lang='lat' dir='ltr'>deceptus</span> <span class='ocrx_word' id='word_1_147' title='bbox 1130 1998 1261 2082; x_wconf 88' lang='lat' dir='ltr'>Bosius,</span> 
     </span>
    </p>

    <p class='ocr_par' dir='ltr' id='par_1_10' title="bbox 147 2098 1329 2193">
     <span class='ocr_line' id='line_1_19' title="bbox 147 2098 1329 2193; baseline 0 -27"><span class='ocrx_word' id='word_1_148' title='bbox 147 2121 255 2188; x_wconf 90' lang='lat' dir='ltr'>quum</span> <span class='ocrx_word' id='word_1_149' title='bbox 277 2123 313 2192; x_wconf 90' lang='lat' dir='ltr'>p.</span> <span class='ocrx_word' id='word_1_150' title='bbox 337 2098 423 2168; x_wconf 84' lang='grc'><strong>696.</strong></span> <span class='ocrx_word' id='word_1_151' title='bbox 447 2099 714 2193; x_wconf 76' lang='grc' dir='ltr'>Λακεδαίμονι,</span> <span class='ocrx_word' id='word_1_152' title='bbox 748 2111 781 2187; x_wconf 87' lang='lat' dir='ltr'>et</span> <span class='ocrx_word' id='word_1_153' title='bbox 802 2124 891 2190; x_wconf 88' lang='lat' dir='ltr'>quae</span> <span class='ocrx_word' id='word_1_154' title='bbox 899 2108 984 2168; x_wconf 84' lang='lat' dir='ltr'>&#39;sunt</span> <span class='ocrx_word' id='word_1_155' title='bbox 1002 2099 1102 2168; x_wconf 88' lang='lat' dir='ltr'>huius</span> <span class='ocrx_word' id='word_1_156' title='bbox 1123 2102 1256 2191; x_wconf 84' lang='lat' dir='ltr'>generis</span> <span class='ocrx_word' id='word_1_157' title='bbox 1264 2119 1329 2191; x_wconf 63' lang='lat'>103</span> 
     </span>
    </p>

    <p class='ocr_par' dir='ltr' id='par_1_11' title="bbox 148 2201 1261 2293">
     <span class='ocr_line' id='line_1_20' title="bbox 148 2201 1261 2293; baseline -0.002 -24"><span class='ocrx_word' id='word_1_158' title='bbox 148 2203 236 2285; x_wconf 82' lang='lat' dir='ltr'>ulia,</span> <span class='ocrx_word' id='word_1_159' title='bbox 263 2225 332 2270; x_wconf 94' lang='lat' dir='ltr'>non</span> <span class='ocrx_word' id='word_1_160' title='bbox 346 2201 478 2285; x_wconf 85' lang='lat' dir='ltr'>dativo,</span> <span class='ocrx_word' id='word_1_161' title='bbox 503 2203 563 2270; x_wconf 91' lang='lat' dir='ltr'>sed</span> <span class='ocrx_word' id='word_1_162' title='bbox 587 2203 735 2293; x_wconf 90' lang='lat' dir='ltr'>ablativo</span> <span class='ocrx_word' id='word_1_163' title='bbox 755 2225 835 2272; x_wconf 90' lang='lat' dir='ltr'>casu</span> <span class='ocrx_word' id='word_1_164' title='bbox 859 2202 927 2269; x_wconf 91' lang='lat' dir='ltr'>dici</span> <span class='ocrx_word' id='word_1_165' title='bbox 950 2201 1130 2270; x_wconf 85' lang='lat' dir='ltr'>contendit.</span> <span class='ocrx_word' id='word_1_166' title='bbox 1181 2203 1261 2285; x_wconf 83' lang='lat' dir='ltr'>Quo</span> 
     </span>
    </p>

    <p class='ocr_par' dir='ltr' id='par_1_12' title="bbox 149 2288 1395 2393">
     <span class='ocr_line' id='line_1_21' title="bbox 149 2288 1395 2393; baseline -0.001 -22"><span class='ocrx_word' id='word_1_167' title='bbox 149 2325 251 2387; x_wconf 87' lang='lat' dir='ltr'>casu,</span> <span class='ocrx_word' id='word_1_168' title='bbox 286 2303 344 2393; x_wconf 92' lang='lat' dir='ltr'>qui</span> <span class='ocrx_word' id='word_1_169' title='bbox 365 2288 522 2371; x_wconf 73' lang='lat' dir='ltr'>abhisce</span> <span class='ocrx_word' id='word_1_170' title='bbox 544 2305 705 2393; x_wconf 85' lang='lat' dir='ltr'>exemplis</span> <span class='ocrx_word' id='word_1_171' title='bbox 729 2300 944 2391; x_wconf 83' lang='lat' dir='ltr'>alienissimus</span> <span class='ocrx_word' id='word_1_172' title='bbox 968 2310 1033 2387; x_wconf 88' lang='lat' dir='ltr'>est,</span> <span class='ocrx_word' id='word_1_173' title='bbox 1059 2324 1102 2369; x_wconf 92' lang='lat' dir='ltr'>ne</span> <span class='ocrx_word' id='word_1_174' title='bbox 1116 2302 1263 2370; x_wconf 90' lang='lat' dir='ltr'>Romani</span> <span class='ocrx_word' id='word_1_175' title='bbox 1392 2302 1395 2313; x_wconf 82' lang='lat'>&#39;</span> 
     </span>
    </p>

    <p class='ocr_par' dir='ltr' id='par_1_13' title="bbox 147 2404 1262 2497">
     <span class='ocr_line' id='line_1_22' title="bbox 147 2404 1262 2497; baseline -0.003 -23"><span class='ocrx_word' id='word_1_176' title='bbox 147 2405 307 2496; x_wconf 89' lang='lat' dir='ltr'>quidem,</span> <span class='ocrx_word' id='word_1_177' title='bbox 334 2404 472 2494; x_wconf 90' lang='lat' dir='ltr'>opinor,</span> <span class='ocrx_word' id='word_1_178' title='bbox 497 2407 560 2473; x_wconf 89' lang='lat' dir='ltr'>nisi</span> <span class='ocrx_word' id='word_1_179' title='bbox 578 2405 725 2495; x_wconf 89' lang='lat' dir='ltr'>quadam</span> <span class='ocrx_word' id='word_1_180' title='bbox 741 2405 1023 2497; x_wconf 85' lang='lat' dir='ltr'>pronunciationis</span> <span class='ocrx_word' id='word_1_181' title='bbox 1042 2404 1262 2497; x_wconf 82' lang='lat' dir='ltr'>negligentia,</span> 
     </span>
    </p>

    <p class='ocr_par' dir='ltr' id='par_1_14' title="bbox 147 2505 1264 2598">
     <span class='ocr_line' id='line_1_23' title="bbox 147 2505 1264 2598; baseline -0.001 -23"><span class='ocrx_word' id='word_1_182' title='bbox 147 2532 261 2598; x_wconf 87' lang='lat' dir='ltr'>quum</span> <span class='ocrx_word' id='word_1_183' title='bbox 283 2509 395 2598; x_wconf 83' lang='lat' dir='ltr'>vulgo</span> <span class='ocrx_word' id='word_1_184' title='bbox 423 2509 603 2575; x_wconf 88' lang='lat' dir='ltr'>ablativum</span> <span class='ocrx_word' id='word_1_185' title='bbox 629 2509 763 2577; x_wconf 90' lang='lat' dir='ltr'>malea</span> <span class='ocrx_word' id='word_1_186' title='bbox 794 2509 909 2575; x_wconf 90' lang='lat' dir='ltr'>dativo</span> <span class='ocrx_word' id='word_1_187' title='bbox 938 2505 1180 2593; x_wconf 82' lang='lat' dir='ltr'>discernerent,</span> <span class='ocrx_word' id='word_1_188' title='bbox 1214 2509 1264 2576; x_wconf 89' lang='lat' dir='ltr'>uti</span> 
     </span>
    </p>

    <p class='ocr_par' dir='ltr' id='par_1_15' title="bbox 150 2609 1347 2702">
     <span class='ocr_line' id='line_1_24' title="bbox 150 2609 1347 2702; baseline -0.006 -21"><span class='ocrx_word' id='word_1_189' title='bbox 150 2620 353 2702; x_wconf 87' lang='lat' dir='ltr'>coeperunt,</span> <span class='ocrx_word' id='word_1_190' title='bbox 378 2614 470 2678; x_wconf 82' lang='lat' dir='ltr'>recte</span> <span class='ocrx_word' id='word_1_191' title='bbox 490 2611 542 2678; x_wconf 95' lang='lat' dir='ltr'>illi</span> <span class='ocrx_word' id='word_1_192' title='bbox 561 2611 595 2678; x_wconf 89' lang='lat' dir='ltr'>in</span> <span class='ocrx_word' id='word_1_193' title='bbox 620 2611 712 2695; x_wconf 89' lang='lat' dir='ltr'>aliis,</span> <span class='ocrx_word' id='word_1_194' title='bbox 738 2611 805 2679; x_wconf 84' lang='lat' dir='ltr'>sed·</span> <span class='ocrx_word' id='word_1_195' title='bbox 826 2611 943 2702; x_wconf 88' lang='lat' dir='ltr'>paucis</span> <span class='ocrx_word' id='word_1_196' title='bbox 966 2609 1127 2699; x_wconf 85' lang='lat' dir='ltr'>exemplis</span> <span class='ocrx_word' id='word_1_197' title='bbox 1146 2631 1262 2680; x_wconf 91' lang='lat' dir='ltr'>veram</span> <span class='ocrx_word' id='word_1_198' title='bbox 1344 2668 1347 2674; x_wconf 81' lang='grc'>,</span> 
     </span>
    </p>

    <p class='ocr_par' dir='ltr' id='par_1_16' title="bbox 148 2712 1329 2803">
     <span class='ocr_line' id='line_1_25' title="bbox 148 2712 1329 2803; baseline 0.001 -22"><span class='ocrx_word' id='word_1_199' title='bbox 148 2714 313 2782; x_wconf 89' lang='lat' dir='ltr'>rationem</span> <span class='ocrx_word' id='word_1_200' title='bbox 343 2721 527 2796; x_wconf 89' lang='lat' dir='ltr'>servantes,</span> <span class='ocrx_word' id='word_1_201' title='bbox 567 2723 605 2782; x_wconf 92' lang='lat' dir='ltr'>ut</span> <span class='ocrx_word' id='word_1_202' title='bbox 624 2714 729 2803; x_wconf 85' lang='lat' dir='ltr'>quum</span> <span class='ocrx_word' id='word_1_203' title='bbox 755 2715 833 2781; x_wconf 86' lang='lat' dir='ltr'>ruri</span> <span class='ocrx_word' id='word_1_204' title='bbox 866 2722 900 2781; x_wconf 88' lang='lat' dir='ltr'>et</span> <span class='ocrx_word' id='word_1_205' title='bbox 932 2732 1017 2779; x_wconf 87' lang='lat' dir='ltr'>rure</span> <span class='ocrx_word' id='word_1_206' title='bbox 1045 2712 1260 2803; x_wconf 81' lang='lat' dir='ltr'>distinguunt</span> <span class='ocrx_word' id='word_1_207' title='bbox 1324 2738 1329 2747; x_wconf 85' lang='grc'><strong>’</strong></span> 
     </span>
    </p>

    <p class='ocr_par' dir='ltr' id='par_1_17' title="bbox 149 2815 1262 2908">
     <span class='ocr_line' id='line_1_26' title="bbox 149 2815 1262 2908; baseline -0.002 -23"><span class='ocrx_word' id='word_1_208' title='bbox 149 2817 257 2908; x_wconf 86' lang='lat' dir='ltr'>Apud</span> <span class='ocrx_word' id='word_1_209' title='bbox 277 2816 426 2885; x_wconf 84' lang='lat' dir='ltr'>Graecos</span> <span class='ocrx_word' id='word_1_210' title='bbox 449 2816 586 2904; x_wconf 91' lang='lat' dir='ltr'>quidem</span> <span class='ocrx_word' id='word_1_211' title='bbox 608 2817 635 2884; x_wconf 91' lang='lat' dir='ltr'>si</span> <span class='ocrx_word' id='word_1_212' title='bbox 653 2818 854 2907; x_wconf 87' lang='lat' dir='ltr'>plerumque</span> <span class='ocrx_word' id='word_1_213' title='bbox 877 2815 1069 2906; x_wconf 83' lang='lat' dir='ltr'>adiungitur</span> <span class='ocrx_word' id='word_1_214' title='bbox 1082 2818 1262 2907; x_wconf 87' lang='lat' dir='ltr'>praeposi-</span> 
     </span>
    </p>

    <p class='ocr_par' dir='ltr' id='par_1_18' title="bbox 148 2916 1261 3007">
     <span class='ocr_line' id='line_1_27' title="bbox 148 2916 1261 3007; baseline 0.001 -21"><span class='ocrx_word' id='word_1_215' title='bbox 148 2919 218 3003; x_wconf 91' lang='lat' dir='ltr'>tio,</span> <span class='ocrx_word' id='word_1_216' title='bbox 249 2918 287 2986; x_wconf 93' lang='lat' dir='ltr'>id</span> <span class='ocrx_word' id='word_1_217' title='bbox 309 2928 436 2987; x_wconf 85' lang='lat' dir='ltr'>tantum</span> <span class='ocrx_word' id='word_1_218' title='bbox 459 2922 569 3005; x_wconf 89' lang='lat' dir='ltr'>abest,</span> <span class='ocrx_word' id='word_1_219' title='bbox 601 2930 654 3004; x_wconf 90' lang='lat' dir='ltr'>ut,</span> <span class='ocrx_word' id='word_1_220' title='bbox 686 2919 746 2987; x_wconf 91' lang='lat' dir='ltr'>ubi</span> <span class='ocrx_word' id='word_1_221' title='bbox 767 2942 835 2986; x_wconf 92' lang='lat' dir='ltr'>non</span> <span class='ocrx_word' id='word_1_222' title='bbox 860 2929 908 2986; x_wconf 88' lang='lat' dir='ltr'>est</span> <span class='ocrx_word' id='word_1_223' title='bbox 934 2916 1083 3003; x_wconf 87' lang='lat' dir='ltr'>adiecta,</span> <span class='ocrx_word' id='word_1_224' title='bbox 1116 2940 1182 3007; x_wconf 86' lang='lat' dir='ltr'>per</span> <span class='ocrx_word' id='word_1_225' title='bbox 1209 2921 1261 2987; x_wconf 92' lang='lat' dir='ltr'>el-</span> 
     </span>
    </p>

    <p class='ocr_par' dir='ltr' id='par_1_19' title="bbox 149 3018 1260 3113">
     <span class='ocr_line' id='line_1_28' title="bbox 149 3018 1260 3113; baseline 0.003 -26"><span class='ocrx_word' id='word_1_226' title='bbox 149 3021 251 3111; x_wconf 92' lang='lat' dir='ltr'>lipsin</span> <span class='ocrx_word' id='word_1_227' title='bbox 270 3024 388 3089; x_wconf 89' lang='lat' dir='ltr'>omissa</span> <span class='ocrx_word' id='word_1_228' title='bbox 407 3023 518 3113; x_wconf 91' lang='lat' dir='ltr'>putari</span> <span class='ocrx_word' id='word_1_229' title='bbox 542 3018 688 3106; x_wconf 86' lang='lat' dir='ltr'>debeat,</span> <span class='ocrx_word' id='word_1_230' title='bbox 712 3033 750 3090; x_wconf 92' lang='lat' dir='ltr'>ut</span> <span class='ocrx_word' id='word_1_231' title='bbox 776 3022 902 3113; x_wconf 85' lang='lat' dir='ltr'>magis,</span> <span class='ocrx_word' id='word_1_232' title='bbox 935 3043 1040 3110; x_wconf 91' lang='lat' dir='ltr'>quum</span> <span class='ocrx_word' id='word_1_233' title='bbox 1072 3019 1154 3087; x_wconf 92' lang='lat' dir='ltr'>addi</span> <span class='ocrx_word' id='word_1_234' title='bbox 1184 3046 1260 3090; x_wconf 90' lang='lat' dir='ltr'>eam</span> 
     </span>
    </p>

    <p class='ocr_par' dir='ltr' id='par_1_20' title="bbox 148 3121 1261 3216">
     <span class='ocr_line' id='line_1_29' title="bbox 148 3121 1261 3216; baseline 0 -25"><span class='ocrx_word' id='word_1_235' title='bbox 148 3146 219 3191; x_wconf 91' lang='lat' dir='ltr'>non</span> <span class='ocrx_word' id='word_1_236' title='bbox 239 3126 280 3193; x_wconf 89' lang='lat' dir='ltr'>sit</span> <span class='ocrx_word' id='word_1_237' title='bbox 299 3146 450 3202; x_wconf 85' lang='lat' dir='ltr'>necesse,</span> <span class='ocrx_word' id='word_1_238' title='bbox 474 3125 718 3215; x_wconf 88' lang='lat' dir='ltr'>perspicuitatis</span> <span class='ocrx_word' id='word_1_239' title='bbox 738 3147 852 3193; x_wconf 89' lang='lat' dir='ltr'>caussa</span> <span class='ocrx_word' id='word_1_240' title='bbox 873 3124 1026 3191; x_wconf 87' lang='lat' dir='ltr'>addatur.</span> <span class='ocrx_word' id='word_1_241' title='bbox 1078 3121 1158 3188; x_wconf 90' lang='lat' dir='ltr'>Fuit</span> <span class='ocrx_word' id='word_1_242' title='bbox 1172 3125 1261 3216; x_wconf 83' lang='lat' dir='ltr'>enim</span> 
     </span>
    </p>

    <p class='ocr_par' dir='ltr' id='par_1_21' title="bbox 149 3223 1260 3317">
     <span class='ocr_line' id='line_1_30' title="bbox 149 3223 1260 3317; baseline -0.002 -22"><span class='ocrx_word' id='word_1_243' title='bbox 149 3227 285 3317; x_wconf 86' lang='lat' dir='ltr'>antiqua</span> <span class='ocrx_word' id='word_1_244' title='bbox 308 3228 394 3294; x_wconf 86' lang='lat' dir='ltr'>ratio</span> <span class='ocrx_word' id='word_1_245' title='bbox 415 3227 577 3314; x_wconf 88' lang='lat' dir='ltr'>loquendi</span> <span class='ocrx_word' id='word_1_246' title='bbox 588 3226 692 3310; x_wconf 88' lang='lat' dir='ltr'>haec,</span> <span class='ocrx_word' id='word_1_247' title='bbox 718 3236 756 3292; x_wconf 93' lang='lat' dir='ltr'>ut</span> <span class='ocrx_word' id='word_1_248' title='bbox 769 3227 908 3293; x_wconf 91' lang='lat' dir='ltr'>nominis</span> <span class='ocrx_word' id='word_1_249' title='bbox 927 3226 1040 3290; x_wconf 91' lang='lat' dir='ltr'>dativo</span> <span class='ocrx_word' id='word_1_250' title='bbox 1058 3223 1260 3314; x_wconf 84' lang='lat' dir='ltr'>adiungere-</span> 
     </span>
    </p>

    <p class='ocr_par' dir='ltr' id='par_1_22' title="bbox 149 3322 1387 3414">
     <span class='ocr_line' id='line_1_31' title="bbox 149 3322 1387 3414; baseline -0.002 -17"><span class='ocrx_word' id='word_1_251' title='bbox 149 3338 205 3397; x_wconf 83' lang='lat' dir='ltr'>tur</span> <span class='ocrx_word' id='word_1_252' title='bbox 225 3329 439 3413; x_wconf 87' lang='lat' dir='ltr'>adverbium,</span> <span class='ocrx_word' id='word_1_253' title='bbox 473 3328 647 3414; x_wconf 77' lang='grc' dir='ltr'>Πυθῶνι,</span> <span class='ocrx_word' id='word_1_254' title='bbox 685 3328 738 3399; x_wconf 77' lang='lat' dir='ltr'>i&#39;u:</span> <span class='ocrx_word' id='word_1_255' title='bbox 769 3337 807 3394; x_wconf 96' lang='lat' dir='ltr'>ut</span> <span class='ocrx_word' id='word_1_256' title='bbox 825 3328 859 3393; x_wconf 94' lang='lat' dir='ltr'>in</span> <span class='ocrx_word' id='word_1_257' title='bbox 888 3322 1123 3413; x_wconf 81' lang='lat' dir='ltr'>Aristophanis</span> <span class='ocrx_word' id='word_1_258' title='bbox 1143 3325 1259 3414; x_wconf 78' lang='lat' dir='ltr'>Equit.</span> <span class='ocrx_word' id='word_1_259' title='bbox 1385 3331 1387 3337; x_wconf 82' lang='lat'>&#39;</span> 
     </span>
    </p>

    <p class='ocr_par' dir='ltr' id='par_1_23' title="bbox 151 3425 1259 3521">
     <span class='ocr_line' id='line_1_32' title="bbox 151 3425 1259 3521; baseline 0 -23"><span class='ocrx_word' id='word_1_260' title='bbox 151 3430 263 3500; x_wconf 70' lang='lat'>1270.</span> <span class='ocrx_word' id='word_1_261' title='bbox 290 3425 383 3521; x_wconf 86' lang='lat' dir='ltr'>quod</span> <span class='ocrx_word' id='word_1_262' title='bbox 408 3432 508 3499; x_wconf 90' lang='lat' dir='ltr'>etiam</span> <span class='ocrx_word' id='word_1_263' title='bbox 530 3426 704 3499; x_wconf 90' lang='lat' dir='ltr'>dicebat-ur</span> <span class='ocrx_word' id='word_1_264' title='bbox 728 3429 786 3516; x_wconf 78' lang='grc' dir='ltr'>ἔν,</span> <span class='ocrx_word' id='word_1_265' title='bbox 814 3426 986 3506; x_wconf 71' lang='grc' dir='ltr'>Πυθῶνι,</span> <span class='ocrx_word' id='word_1_266' title='bbox 1015 3425 1104 3493; x_wconf 89' lang='lat' dir='ltr'>unde</span> <span class='ocrx_word' id='word_1_267' title='bbox 1129 3438 1259 3519; x_wconf 89' lang='lat' dir='ltr'>postea,</span> 
     </span>
    </p>

    <p class='ocr_par' dir='ltr' id='par_1_24' title="bbox 149 3529 1260 3624">
     <span class='ocr_line' id='line_1_33' title="bbox 149 3529 1260 3624; baseline -0.005 -22"><span class='ocrx_word' id='word_1_268' title='bbox 149 3557 257 3623; x_wconf 90' lang='lat' dir='ltr'>quum</span> <span class='ocrx_word' id='word_1_269' title='bbox 283 3534 443 3603; x_wconf 90' lang='lat' dir='ltr'>adverbia</span> <span class='ocrx_word' id='word_1_270' title='bbox 463 3535 497 3600; x_wconf 86' lang='lat' dir='ltr'>in</span> <span class='ocrx_word' id='word_1_271' title='bbox 517 3531 780 3624; x_wconf 89' lang='lat' dir='ltr'>praepositiones</span> <span class='ocrx_word' id='word_1_272' title='bbox 803 3531 887 3598; x_wconf 90' lang='lat' dir='ltr'>verti</span> <span class='ocrx_word' id='word_1_273' title='bbox 905 3529 1102 3620; x_wconf 86' lang='lat' dir='ltr'>inciperent,</span> <span class='ocrx_word' id='word_1_274' title='bbox 1128 3536 1166 3603; x_wconf 74' lang='grc' dir='ltr'>ἑν</span> <span class='ocrx_word' id='word_1_275' title='bbox 1181 3536 1260 3603; x_wconf 81' lang='grc' dir='ltr'>Πυ-</span> 
     </span>
    </p>

    <p class='ocr_par' dir='ltr' id='par_1_25' title="bbox 150 3633 1258 3726">
     <span class='ocr_line' id='line_1_34' title="bbox 150 3633 1258 3726; baseline -0.009 -16"><span class='ocrx_word' id='word_1_276' title='bbox 150 3637 248 3711; x_wconf 73' lang='grc' dir='ltr'>θῶνι</span> <span class='ocrx_word' id='word_1_277' title='bbox 270 3637 396 3705; x_wconf 82' lang='lat' dir='ltr'>exstitit</span> <span class='ocrx_word' id='word_1_278' title='bbox 448 3636 519 3707; x_wconf 88' lang='lat' dir='ltr'>Sed</span> <span class='ocrx_word' id='word_1_279' title='bbox 543 3658 648 3726; x_wconf 92' lang='lat' dir='ltr'>quum</span> <span class='ocrx_word' id='word_1_280' title='bbox 670 3634 813 3702; x_wconf 87' lang='lat' dir='ltr'>maxime</span> <span class='ocrx_word' id='word_1_281' title='bbox 835 3635 870 3701; x_wconf 91' lang='lat' dir='ltr'>in</span> <span class='ocrx_word' id='word_1_282' title='bbox 892 3634 1045 3702; x_wconf 90' lang='lat' dir='ltr'>locorum</span> <span class='ocrx_word' id='word_1_283' title='bbox 1059 3633 1258 3717; x_wconf 90' lang='lat' dir='ltr'>nominibus,</span> 
     </span>
    </p>

    <p class='ocr_par' dir='ltr' id='par_1_26' title="bbox 149 3733 1259 3831">
     <span class='ocr_line' id='line_1_35' title="bbox 149 3733 1259 3831; baseline -0.004 -24"><span class='ocrx_word' id='word_1_284' title='bbox 149 3738 219 3808; x_wconf 90' lang='lat' dir='ltr'>sive</span> <span class='ocrx_word' id='word_1_285' title='bbox 237 3741 399 3831; x_wconf 87' lang='lat' dir='ltr'>propriis,</span> <span class='ocrx_word' id='word_1_286' title='bbox 425 3740 494 3809; x_wconf 90' lang='lat' dir='ltr'>sive</span> <span class='ocrx_word' id='word_1_287' title='bbox 515 3739 725 3807; x_wconf 87' lang='lat' dir='ltr'>usitatissimis</span> <span class='ocrx_word' id='word_1_288' title='bbox 739 3737 1035 3828; x_wconf 89' lang='lat' dir='ltr'>appellativorum,</span> <span class='ocrx_word' id='word_1_289' title='bbox 1060 3733 1259 3803; x_wconf 86' lang='lat' dir='ltr'>adverbium</span> 
     </span>
    </p>

    <p class='ocr_par' dir='ltr' id='par_1_27' title="bbox 147 3836 1390 3935">
     <span class='ocr_line' id='line_1_36' title="bbox 147 3836 1390 3935; baseline -0.006 -24"><span class='ocrx_word' id='word_1_290' title='bbox 147 3841 238 3911; x_wconf 85' lang='lat' dir='ltr'>istud</span> <span class='ocrx_word' id='word_1_291' title='bbox 260 3845 464 3935; x_wconf 89' lang='lat' dir='ltr'>superfluum</span> <span class='ocrx_word' id='word_1_292' title='bbox 485 3843 668 3927; x_wconf 90' lang='lat' dir='ltr'>videretur,</span> <span class='ocrx_word' id='word_1_293' title='bbox 701 3850 740 3909; x_wconf 94' lang='lat' dir='ltr'>ut</span> <span class='ocrx_word' id='word_1_294' title='bbox 761 3863 830 3928; x_wconf 91' lang='lat' dir='ltr'>quo</span> <span class='ocrx_word' id='word_1_295' title='bbox 856 3840 956 3908; x_wconf 89' lang='lat' dir='ltr'>etiam</span> <span class='ocrx_word' id='word_1_296' title='bbox 974 3837 1095 3905; x_wconf 87' lang='lat' dir='ltr'>omisso</span> <span class='ocrx_word' id='word_1_297' title='bbox 1118 3836 1258 3924; x_wconf 89' lang='lat' dir='ltr'>quisque</span> <span class='ocrx_word' id='word_1_298' title='bbox 1386 3868 1390 3875; x_wconf 53' lang='grc'>’</span> 
     </span>
    </p>

    <p class='ocr_par' dir='ltr' id='par_1_28' title="bbox 150 3938 1381 4038">
     <span class='ocr_line' id='line_1_37' title="bbox 150 3938 1381 4038; baseline -0.006 -24"><span class='ocrx_word' id='word_1_299' title='bbox 150 3943 301 4015; x_wconf 86' lang='lat' dir='ltr'>dativum</span> <span class='ocrx_word' id='word_1_300' title='bbox 321 3956 413 4016; x_wconf 88' lang='lat' dir='ltr'>recte</span> <span class='ocrx_word' id='word_1_301' title='bbox 430 3947 656 4014; x_wconf 90' lang='lat' dir='ltr'>intellecturus</span> <span class='ocrx_word' id='word_1_302' title='bbox 679 3952 779 4028; x_wconf 87' lang='lat' dir='ltr'>esset,</span> <span class='ocrx_word' id='word_1_303' title='bbox 810 3941 844 4016; x_wconf 88' lang='lat' dir='ltr'>in</span> <span class='ocrx_word' id='word_1_304' title='bbox 868 3941 922 4009; x_wconf 91' lang='lat' dir='ltr'>his</span> <span class='ocrx_word' id='word_1_305' title='bbox 944 3938 1077 4009; x_wconf 89' lang='lat' dir='ltr'>brevior</span> <span class='ocrx_word' id='word_1_306' title='bbox 1097 3938 1259 4027; x_wconf 81' lang='lat' dir='ltr'>loquendi</span> <span class='ocrx_word' id='word_1_307' title='bbox 1379 4034 1381 4038; x_wconf 17' lang='grc' dir='ltr'><strong><em>ι</em></strong></span> 
     </span>
    </p>

    <p class='ocr_par' dir='ltr' id='par_1_29' title="bbox 147 4038 1259 4141">
     <span class='ocr_line' id='line_1_38' title="bbox 147 4038 1259 4141; baseline -0.005 -25"><span class='ocrx_word' id='word_1_308' title='bbox 147 4038 260 4117; x_wconf 82' lang='lat' dir='ltr'>¹foruna</span> <span class='ocrx_word' id='word_1_309' title='bbox 274 4051 383 4141; x_wconf 82' lang='lat' dir='ltr'>magis</span> <span class='ocrx_word' id='word_1_310' title='bbox 404 4048 611 4137; x_wconf 86' lang='lat' dir='ltr'>frequentata</span> <span class='ocrx_word' id='word_1_311' title='bbox 634 4054 697 4130; x_wconf 88' lang='lat' dir='ltr'>est,</span> <span class='ocrx_word' id='word_1_312' title='bbox 723 4049 759 4114; x_wconf 93' lang='lat' dir='ltr'>in</span> <span class='ocrx_word' id='word_1_313' title='bbox 774 4047 913 4115; x_wconf 89' lang='lat' dir='ltr'>caeteris</span> <span class='ocrx_word' id='word_1_314' title='bbox 926 4052 1054 4126; x_wconf 88' lang='lat' dir='ltr'>autern,</span> <span class='ocrx_word' id='word_1_315' title='bbox 1079 4065 1167 4129; x_wconf 90' lang='lat' dir='ltr'>quae</span> <span class='ocrx_word' id='word_1_316' title='bbox 1185 4066 1259 4110; x_wconf 88' lang='lat' dir='ltr'>rna-</span> 
     </span>
    </p>

    <p class='ocr_par' dir='ltr' id='par_1_30' title="bbox 147 4144 1311 4246">
     <span class='ocr_line' id='line_1_39' title="bbox 147 4144 1311 4246; baseline -0.003 -26"><span class='ocrx_word' id='word_1_317' title='bbox 147 4152 202 4244; x_wconf 83' lang='lat' dir='ltr'>gis</span> <span class='ocrx_word' id='word_1_318' title='bbox 215 4154 377 4246; x_wconf 82' lang='lat' dir='ltr'>ambigua</span> <span class='ocrx_word' id='word_1_319' title='bbox 394 4152 464 4219; x_wconf 90' lang='lat' dir='ltr'>sine</span> <span class='ocrx_word' id='word_1_320' title='bbox 480 4150 728 4240; x_wconf 87' lang='lat' dir='ltr'>praepositione</span> <span class='ocrx_word' id='word_1_321' title='bbox 753 4156 874 4232; x_wconf 87' lang='lat' dir='ltr'>essent,</span> <span class='ocrx_word' id='word_1_322' title='bbox 900 4146 981 4214; x_wconf 92' lang='lat' dir='ltr'>addi</span> <span class='ocrx_word' id='word_1_323' title='bbox 1002 4144 1259 4234; x_wconf 85' lang='lat' dir='ltr'>explicationem</span> <span class='ocrx_word' id='word_1_324' title='bbox 1285 4146 1311 4189; x_wconf 53' lang='grc' dir='ltr'><strong><em>Ὗ</em></strong></span> 
     </span>
    </p>

    <p class='ocr_par' dir='ltr' id='par_1_31' title="bbox 147 4247 1359 4433">
     <span class='ocr_line' id='line_1_40' title="bbox 147 4247 1359 4347; baseline 0.002 -25"><span class='ocrx_word' id='word_1_325' title='bbox 147 4255 287 4347; x_wconf 86' lang='lat' dir='ltr'>placuit.</span> <span class='ocrx_word' id='word_1_326' title='bbox 338 4257 408 4340; x_wconf 86' lang='lat' dir='ltr'>Sic,</span> <span class='ocrx_word' id='word_1_327' title='bbox 429 4263 466 4322; x_wconf 88' lang='lat' dir='ltr'>nt</span> <span class='ocrx_word' id='word_1_328' title='bbox 479 4254 549 4335; x_wconf 86' lang='lat' dir='ltr'>hoc</span> <span class='ocrx_word' id='word_1_329' title='bbox 564 4262 657 4338; x_wconf 86' lang='lat' dir='ltr'>utar,</span> <span class='ocrx_word' id='word_1_330' title='bbox 684 4255 766 4346; x_wconf 80' lang='grc' dir='ltr'><em>οἴκῳ</em></span> <span class='ocrx_word' id='word_1_331' title='bbox 781 4251 880 4321; x_wconf 88' lang='lat' dir='ltr'>etiam</span> <span class='ocrx_word' id='word_1_332' title='bbox 895 4250 929 4317; x_wconf 90' lang='lat' dir='ltr'>in</span> <span class='ocrx_word' id='word_1_333' title='bbox 949 4247 1148 4318; x_wconf 87' lang='lat' dir='ltr'>adverbium</span> <span class='ocrx_word' id='word_1_334' title='bbox 1164 4251 1258 4324; x_wconf 82' lang='grc' dir='ltr'>οἴκοι</span> <span class='ocrx_word' id='word_1_335' title='bbox 1357 4272 1359 4277; x_wconf 75' lang='grc'>’</span> 
     </span>
     <span class='ocr_line' id='line_1_41' title="bbox 197 4351 1045 4433; baseline -0.009 -5"><span class='ocrx_word' id='word_1_336' title='bbox 197 4358 470 4433; x_wconf 79' lang='lat' dir='ltr'>Hunor.01&gt;.l.</span> <span class='ocrx_word' id='word_1_337' title='bbox 1011 4351 1045 4420; x_wconf 93' lang='lat' dir='ltr'>N</span> 
     </span>
    </p>
   </div>
   <div class='ocr_carea' id='block_1_3' title="bbox 0 0 1418 4904">
    <p class='ocr_par' dir='ltr' id='par_1_32' title="bbox 0 0 1418 4904">
     <span class='ocr_line' id='line_1_42' title="bbox 0 0 1418 4904; baseline 0 0"><span class='ocrx_word' id='word_1_338' title='bbox 0 0 1418 4904; x_wconf 95' lang='lat' dir='ltr'> </span> 
     </span>
    </p>
   </div>
  </div>
 </body>
</html>
