2826 4904
406 335 465 396 DE
491 335 775 397 PRONOMiNE
805 339 979 401 ΑΤΤΟΣ.
1185 342 1251 405 929
1289 368 1294 379 ‘

239 505 424 599 ἄγνωστον
441 480 612 590 τείξειεν,
644 504 779 636 ἔιαρτοί
795 537 837 581 τε
850 503 1115 605 μυθήσαιτο
1071 565 1085 600 ,

238 603 292 706 μή
312 635 378 702 μιν
393 609 477 707 πρίν
495 608 624 700 ἄλοχος
640 610 761 730 γνοίη,
788 609 898 683 alorci
914 639 956 684 τε
973 612 1072 705 φίλοι
1092 640 1147 702 τε,

238 711 324 807 πρίν
340 711 461 784 πεῖσαν
476 713 684 809 μνηστῆρας
704 711 927 811 ὑπερβασίην
940 709 1123 788 α’ποτίσαι.

136 848 373 940 Negligentius
408 849 596 939 composita
622 850 728 916 oratio
757 848 851 917 hunc
877 873 1009 918 sensum
1030 849 1152 922 habet.
1185 877 1252 946 ηαο

135 974 250 1042 neque
265 952 340 1042 ι’μεο
363 949 504 1040 Πμεεεε
512 951 678 1043 patriam
692 960 920 1045 agnosceret,
947 974 1068 1043 neque,
1093 957 1125 1024 oi
1140 981 1165 1025 ο
1177 958 1252 1026 Mi-

135 1076 248 1123 neroo
270 1077 338 1122 οοο
357 1062 447 1122 esset
464 1054 683 1142 admonitus,
710 1063 966 1148 agnosceretur
981 1054 1028 1178 οὐ
1044 1059 1117 1128 soie
1139 1062 1251 1147 cilico,

135 1179 244 1250 ηασνο
265 1179 345 1250 por
366 1164 465 1226 esset.
492 1155 679 1228 0167

112 1350 114 1353 -
237 1287 371 1390 φροίζεο
391 1289 454 1416 δη,
485 1294 654 1368 Μενέλαε
671 1293 878 1413 διοτρεφεε,
900 1291 1047 1423 ὄρχαμε
1068 1297 1193 1378 lario,
1279 1283 1284 1290 ’

236 1424 259 1493 η
280 1424 366 1470 νωιν
386 1388 518 1468 τόδ’
497 1423 605 1493 εφηνε
627 1389 714 1477 deoc
735 1397 860 1493 τέρας,
887 1391 928 1493 ἦε
956 1397 1012 1470 σοί
1033 1394 1143 1496 αὐτην.
1216 1436 1221 1443 ·

137 1531 228 1603 titi
214 1531 301 1672 ιρεί,
326 1531 523 1669 entecnius
540 1531 652 1604 aedes
670 1533 966 1626 concatenata.
991 1533 1079 1602 371.

783 1664 885 1745 attat
897 1695 965 1763 μοι
989 1665 1089 1766 αὐτῷ

239 1773 345 1870 ἔργον
364 1769 530 1856 ἀίξουσιν
543 1765 702 1868 μάκαρες
723 1771 818 1861 θεοί,

136 1909 214 2002 qnia
229 1908 340 1980 statim
354 1908 527 1978 additurus
543 1911 610 1994 est,

238 2052 276 2121 ir
300 2043 338 2121 d'
360 2044 435 2143 ἄρα
456 2043 641 2142 δεσποίνης
664 2041 706 2117 ori
723 2042 888 2138 μείλιχον
904 2046 1005 2122 ἔστιν
1021 2043 1173 2121 circinat

240 2145 325 2223 οὔτ’
348 2149 451 2241 ἔπος,
480 2146 566 2221 οὔτε
581 2174 621 2220 τι
641 2148 756 2244 ἔργον.
800 2198 803 2203 -
894 2153 904 2174 ’

137 2312 176 2358 π.
202 2283 289 2356 17⁰.
375 2300 378 2305 ’
479 2289 481 2293 ’
806 2372 809 2379 Ι
1104 2348 1106 2352 ,

363 2470 367 2477 ,
610 2470 638 2477 ..
796 2382 878 2461 οὐδ’
902 2381 970 2482 ε’γοί
994 2382 1089 2486 αὕτη
1163 2410 1166 2415 ’

242 2483 393 2590 δηρον
367 2514 440 2561 απο
455 2489 569 2587 opoitv
583 2489 732 2583 ἔσομαι·

135 2647 180 2695 oo
199 2647 270 2720 ego
291 2625 462 2719 quidem
448 2649 528 2719 ηιεα
551 2625 615 2696 diu
630 2626 751 2731 αόενρ,
774 2626 928 2716 Denique
950 2626 994 2695 de
1007 2627 1068 2695 illo
1082 2631 1252 2750 exemplp,
1326 2685 1339 2703 .

128 2727 230 2819 'quod
253 2753 294 2798 ex
311 2728 441 2829 hymno
464 2730 574 2799 Mero.
601 2718 699 2800 239
716 2729 863 2822 proferri
889 2739 1024 2821 posset,
1059 2734 1197 2821 exposui
1218 2734 1255 2806 in

135 2822 347 2924 praefatione
363 2831 433 2899 ad
423 2840 502 2899 istos
518 2832 724 2954 hymnosp.
732 2832 793 2901 62.
816 2833 877 2903 sed
902 2834 978 2902 satis
993 2835 1120 2903 dictum
1137 2845 1186 2903 est
1209 2835 1254 2905 de

136 2936 247 3029 prima
262 2935 505 3030 significatione
520 2937 662 3006 nominis
677 2931 804 3024 αὐτός,
833 2937 968 3027 eiusque
991 2937 1088 3007 variis
1109 2939 1243 3023 usibus„

667 3211 725 3279 xl.
787 3218 790 3223 ’
932 3260 935 3265 -
1018 3214 1026 3227 '
1257 3224 1300 3286 o4

147 3414 152 3420 ,
180 3338 292 3420 Arietis
309 3361 482 3427 pronomen
496 3341 670 3405 relativum.
704 3337 765 3420 Ὃς
785 3349 817 3408 et
838 3341 860 3405 l.
893 3334 1010 3431 Ἀγίιὸν
1027 3330 1210 3406 encliticam
1236 3310 1244 3329 ⁹

241 3484 437 3553 Proximum
451 3484 565 3552 locum
579 3481 639 3550 illa
658 3490 750 3550 tenet
764 3481 982 3572 significatio,
1007 3505 1075 3570 qna
1086 3481 1159 3552 hcc
1170 3504 1254 3575 pro-

137 3608 262 3655 nomen
283 3587 413 3656 minore
434 3610 513 3658 cum
526 3586 561 3654 vi
578 3587 835 3677 pronunciatum
855 3605 920 3675 pro
942 3586 1143 3675 pronomine
1163 3586 1255 3654 rela-
1330 3663 1332 3667 y
1369 3656 1374 3663 ,

136 3691 207 3758 tivo
224 3699 423 3781 usurpatur,
453 3699 490 3758 ut
512 3689 572 3774 sit,
599 3689 693 3779 quod
714 3689 826 3757 L‘atini
844 3710 908 3780 per
928 3688 976 3772 io,
1011 3688 1174 3757 Germani
1191 3711 1255 3779 per

137 3790 321 3877 dornella,
346 3793 479 3883 velper
496 3793 720 3878 encliticam,
746 3793 813 3877 cie,
841 3814 895 3876 εε,
920 3791 1117 3882 significant.
1167 3793 1256 3861 Nam
1370 3867 1373 3874 ,

136 3918 242 3986 qnam
267 3889 379 3977 αὐτός
386 3951 400 3986 ,
425 3904 465 3964 nt
483 3917 585 3985 supra
601 3896 823 3979 ostendimuS,
848 3896 988 3987 proprie
1002 3894 1134 3963 indicet
1152 3893 1257 3980 hunc,

137 3999 184 4068 de
205 4020 276 4088 quo
294 4021 405 4068 sermo
429 4007 496 4084 est,
521 3997 624 4069 facile
644 4000 860 4092 intelligitur,
894 3998 1025 4067 duobus
1052 3996 1163 4067 modis
1185 3999 1257 4067 hoc

137 4102 214 4170 fieri
238 4122 357 4192 posse,
382 4124 470 4187 uno,
500 4110 538 4169 ut
561 4101 633 4171 hoc
655 4103 890 4194 significemus,
916 4102 993 4187 liic,
1015 4123 1129 4194 ποηαε
1153 4102 1257 4187 cliuo,
1343 4127 1344 4130 ¹

137 4204 186 4274 de
209 4227 279 4294 qua
302 4205 544 4297 significatione
568 4206 773 4295 explicatum
793 4213 858 4285 ost3
884 4205 1009 4291 altero,
1035 4215 1072 4273 ut
1095 4205 1257 4296 simplici-

139 4317 212 4395 ter,
239 4308 362 4378 omissa
377 4309 568 4381 exclusione
590 4309 731 4379 aliarum
751 4330 885 4397 rerum,
917 4331 996 4379 eum
1016 4318 1186 4396 notemus,
1213 4308 1257 4378 de
