2826 4904
214 301 259 393 oo
569 297 627 359 nn
655 294 975 360 nrsrnnnnrrn

200 548 206 553 ,
316 465 443 552 'Aonie
458 464 700 594 Ἀλεξάνδρου
717 473 786 544 τοῦ
802 472 956 551 Φυλλεός
976 462 1074 564 ἱορόν
1092 466 1156 542 ἄδι

370 574 485 668 δῶρον
498 568 702 646 Λπόλλωνι
716 568 926 696 χροσονρμρι
944 576 1110 664 δίδυμαι,

316 677 471 792 γηραλέα
485 676 553 766 μὲν
568 679 648 750 ὶινν
663 672 867 767 troliano*
844 701 928 762 ono,
955 675 1110 772 γηραλέα
1125 672 1164 745 di

367 772 552 870 ὀμφαλόν·
578 775 657 852 οἱλλ
675 805 789 874 αρενα
776 773 1030 870 λαμπομαι
1003 832 1017 864 ,
1023 804 1086 856 ας
1098 777 1227 865 ετνχον

316 874 422 981 α’νδρὶ
438 884 684 1002 κορυρρομένα
701 875 767 954 οὖν
783 877 944 976 α’ριονέϊ,
974 877 1055 968 ὅςρι
1062 875 1275 1001 ανέθηιιιν.

272 1024 274 1028 ⁴
368 977 541 1074 ἐμμλιλ’
517 976 883 1079 αρ’σσατοςιιοὶμπαν,
911 979 981 1078 αφ’
998 976 1041 1053 οὗ
1054 974 1224 1074 γενόμαν

212 1118 268 1186 Εο
291 1119 537 1209 epigrammate
558 1142 644 1210 quae
666 1120 890 1204 continentur,
917 1117 945 1185 si
966 1119 1039 1207 quis
1056 1140 1162 1208 prosa
1177 1119 1331 1187 oratione

214 1222 399 1312 complecti
419 1222 580 1307 voluerit,
620 1222 762 1291 habebit
787 1222 884 1290 certis
913 1221 1103 1290 notionibus
1124 1219 1330 1309 descriptam

191 1399 194 1405 ,
214 1324 316 1413 clipei
327 1324 415 1391 istius
435 1326 672 1416 cognitionem.
724 1325 907 1394 Alexandri
926 1325 1097 1395 cuiusdam
1121 1324 1221 1392 fuisse
1236 1325 1329 1409 sciet,

214 1435 444 1496 consecratum
470 1451 541 1495 esse
568 1429 738 1521 Apollini,
775 1437 940 1496 versatum
978 1428 1079 1496 fuisse
1111 1428 1147 1494 in
1180 1426 1328 1518 praeliis,

213 1552 396 1619 numquam
417 1531 549 1600 victum.
608 1533 740 1600 Eadem
761 1530 865 1598 tradit
883 1541 1001 1621 poeta,
1042 1530 1101 1599 sed
1130 1531 1158 1599 si
1186 1531 1252 1615 sic,
1289 1538 1328 1597 ut

145 1623 157 1642 ’
212 1656 301 1702 nunc
326 1635 429 1701 relata
450 1644 546 1720 sunt,
577 1636 689 1726 poesis
710 1635 803 1702 nulla
822 1635 919 1702 foret.
971 1634 1039 1702 Hic
1059 1655 1162 1724 ergo,
1188 1641 1228 1701 ut
1247 1632 1327 1725 pla-

213 1746 289 1806 ceat
301 1738 482 1828 istaclipei
497 1738 696 1829 descriptio,
722 1738 761 1806 iis
776 1738 877 1805 utitur
897 1737 1030 1822 notitiis,
1055 1737 1225 1824 inquibus
1244 1736 1326 1827 plu-

211 1840 296 1906 rima
312 1841 393 1928 sint,
418 1863 505 1928 quae
525 1841 633 1911 lector
649 1841 793 1932 amplius
807 1841 964 1932 persequi
985 1840 1189 1931 cogitatione
1210 1840 1324 1930 possit

210 1942 327 2009 Primo
342 1942 489 2010 formam
502 1944 604 2034 clipei
626 1946 768 2036 propius
795 1946 840 2010 ob
864 1944 982 2014 oculos
1005 1943 1144 2012 adducit
1167 1942 1220 2009 his
1247 1964 1325 2009 ver-

211 2043 280 2129 bis,
307 2046 388 2117 ἴτνν
410 2054 444 2113 et
468 2041 635 2142 ὀμφαλόν
643 2101 657 2135 ,
684 2069 752 2136 quo
775 2046 894 2114 maiori
915 2046 1084 2114 alacritate
1102 2045 1225 2113 deinde
1245 2047 1325 2112 reli-

210 2171 298 2236 qua,
337 2171 425 2236 quac
463 2159 724 2234 commemorat,
760 2149 893 2240 percipi
921 2150 1051 2240 possint
1080 2157 1183 2238 atque
1213 2149 1324 2216 animo

211 2250 465 2341 comprehendi.
524 2253 616 2320 Tum
638 2254 817 2351 γηραλέαν
846 2263 963 2338 vocat,
1006 2253 1041 2319 in
1071 2274 1139 2340 quo
1163 2253 1270 2320 verbo
1291 2261 1325 2321 et

210 2355 351 2441 cruoris,
385 2376 454 2444 quo
477 2378 673 2446 conspersus
700 2355 765 2424 fuit
789 2356 937 2445 clipeus,
966 2366 999 2423 et
1018 2356 1196 2424 sanctitatis
1218 2378 1323 2447 quae-

161 2457 290 2525 llldam
311 2482 330 2525 e
349 2468 511 2527 vetustate
540 2458 703 2527 oriundae
724 2459 925 2550 significatio
947 2468 1004 2526 est
1064 2459 1198 2527 Deinde
1219 2458 1324 2527 virtu-

208 2569 296 2646 tem,
325 2585 413 2651 quae
441 2563 638 2652 possessoris
665 2563 791 2645 luerat,
833 2562 945 2651 clipeo
969 2561 1103 2647 tribuit,
1135 2562 1291 2650 idque
1266 2585 1323 2646 src,

207 2673 246 2730 ut
276 2664 441 2747 abinoe,
480 2688 567 2753 qnae
592 2666 667 2755 ipsa
693 2674 743 2731 est
769 2687 847 2733 cum
876 2665 1028 2754 plurimis
1049 2665 1262 2735 iucunditatis
1290 2673 1323 2733 et

208 2766 478 2856 magnificentiae
500 2766 757 2859 cogitationibus
780 2767 974 2852 coniuncta,
1009 2768 1111 2839 ducat
1132 2767 1324 2835 similitudi-

208 2891 296 2936 nem.
362 2868 517 2960 Denique
548 2890 776 2960 possessorem
803 2869 1011 2955 describens,
1052 2873 1168 2962 paucis
1202 2870 1324 2958 verbis,

207 2971 267 3039 sed
287 2992 447 3062 magnam
464 2973 696 3041 excellentium
710 2974 895 3066 imaginum
912 2977 1105 3043 varietatem
1124 2973 1323 3045 continenti-

52 3061 60 3071 ’
88 3129 94 3135 .
206 3073 290 3159 buS,
315 3076 425 3142 virum
446 3075 567 3144 lectori
580 3076 723 3144 ostendit
741 3099 911 3145 armorum
925 3078 1105 3168 splendore
1123 3089 1155 3146 et
1168 3077 1323 3169 corporis·

206 3178 376 3246 maiestate
396 3182 626 3270 conspicuum.
679 3180 816 3249 Addam
839 3181 919 3251 huic
941 3183 1097 3272 exemplo
1119 3181 1323 3271 descriptio·

204 3305 284 3349 nem
310 3282 506 3352 lascivientis
532 3284 610 3373 equi
631 3306 672 3351 ex
690 3284 863 3371 Homero,
899 3308 985 3373 quae
1001 3285 1052 3352 bis
1072 3285 1106 3351 in
1131 3285 1321 3352 lliade=oc-

206 3386 325 3470 currit,
351 3388 473 3473 semel,
499 3386 560 3454 nisi
549 3387 693 3474 lallor,
719 3390 828 3480 posita
850 3390 893 3456 ab
914 3391 1052 3478 antiquo
1073 3398 1193 3479 poeta.

309 3549 353 3602 ως
368 3518 436 3594 d
413 3551 476 3595 οτο
494 3551 547 3604 τις
564 3551 696 3606 στανος
713 3533 816 3606 ἵππος
803 3519 1065 3621 ς,οἱκοοτηόας
1084 3525 1141 3599 ἐαι
1159 3517 1295 3623 φάτνῃ,

307 3618 483 3743 dccccv
459 3621 619 3747 ααρρρήξ
622 3654 661 3708 ας
677 3627 772 3701 estse
787 3626 925 3699 πεδίοιο
941 3627 1128 3750 κροαίνων,

309 3721 445 3808 εἰωθώς
460 3722 683 3802 λούεσθαι’
651 3734 808 3856 ον’ρροῖος
824 3736 1007 3857 ποταγοῑρ
1016 3785 1030 3818 ,
1123 3818 1126 3823 ,

308 3824 478 3904 κυδιόων
504 3828 660 3929 ὑψοῦδὲ
679 3829 769 3954 γάρη
788 3860 881 3922 εχει,
909 3830 1006 3926 α’μφι
997 3831 1066 3906 (λε’
1090 3838 1216 3922 χαῖται
1319 3874 1321 3878 -

309 3930 644 4063 οἷριοιςοῖἵοοονται,
673 3935 692 4007 ὁ
687 3932 752 4006 d
772 3932 944 4058 ἀγλαΐηφι
964 3930 1162 4024 πεποιθώς,

242 4043 246 4049 ’
307 4035 573 4134 ρι’μραὲγοῦνα
585 4039 688 4133 φέρει
704 4064 836 4131 perer
844 4033 963 4134 aptiae
979 4039 1038 4110 ιιαὶ
1056 4067 1170 4132 νομον
1189 4046 1317 4112 ἵππων.

204 4171 296 4240 ΝοΙο
317 4173 448 4263 singula
464 4173 500 4241 in
519 4173 572 4240 his
592 4172 762 4264 perseqniz
800 4173 887 4242 illud
911 4186 1039 4244 tanturn
1069 4178 1178 4244 notari
1205 4177 1319 4260 velim,

204 4273 407 4345 mentionem
430 4276 577 4364 caudae,
606 4299 708 4367 quam
739 4300 844 4367 equus
866 4280 1004 4350 vinculis
1024 4280 1130 4370 ruptis
1154 4280 1321 4349 ferociens
