2826 4904
299 284 360 347 DE
381 281 603 345 annecte
622 282 838 346 LINGVAE
858 282 1119 347 DIALEGTIS.
1205 288 1268 352 148
1332 224 1338 237 ‘

147 457 275 550 poterit
289 467 382 526 recte
396 456 575 548 explicari,
600 480 702 546 qnam
720 480 826 546 quum
846 456 989 526 maiores
1003 479 1201 550 progressus
1212 461 1266 528 le·

116 598 123 610 =
149 562 234 630 cerit
254 562 462 652 tragicorum
491 559 700 646 emendatio,
746 583 835 651 quae
852 560 946 629 nulla
970 562 1008 630 in
1028 572 1126 653 parte
1145 564 1264 655 magis,

148 688 253 754 quam
267 664 302 732 in
314 663 399 753 hac,
424 664 522 734 iacet.

251 867 374 937 Redeo
388 891 477 939 nunc
496 867 541 935 ad
554 866 672 935 elisam
687 867 722 935 in
733 867 801 936 fine
815 866 956 935 trimetri
974 866 1149 955 syllabam.
1175 869 1263 938 Eam
1273 879 1316 941 lo

147 972 252 1063 igitur
273 973 464 1059 elisionem,
498 970 675 1040 Athenaeo
697 979 854 1052 anctore,
889 970 1082 1039 abiudicare
1103 971 1265 1042 debemus
1293 1017 1299 1025 -

147 1076 192 1142 ab
208 1075 362 1143 omnibus
376 1076 581 1166 tragicorum
596 1073 737 1158 fabulis,
763 1097 851 1162 quae
866 1082 942 1140 ante
956 1072 1140 1163 Sophoclis
1155 1073 1266 1145 Oedi-

145 1200 232 1269 pum
251 1177 360 1247 editae
376 1188 460 1246 sunt.
510 1179 584 1247 Nec
595 1185 708 1244 tamen
727 1176 797 1248 hoc
811 1175 887 1243 satis
902 1184 960 1244 est.
1011 1176 1099 1243 Nam
1114 1200 1178 1246 nec
1196 1180 1265 1247 So-

144 1280 309 1373 phoclea,
333 1305 444 1370 neque
464 1281 523 1370 qui
544 1303 622 1348 eum
647 1280 779 1368 sequuti
799 1289 873 1346 suut
893 1279 1031 1370 tragici,
1056 1281 1199 1369 ubique,
1225 1291 1263 1350 ut
1394 1314 1399 1341 ι

146 1385 305 1475 equidem
318 1396 424 1475 puto,
450 1385 511 1454 sed
532 1392 623 1452 certa
638 1382 786 1472 quadam
804 1381 1014 1468 conditione,
1039 1381 1136 1451 istam
1149 1384 1262 1453 elisio-

143 1511 224 1556 nem
253 1487 464 1556 admisernnt
523 1485 709 1557 Ostendent
744 1486 814 1559 hoe
842 1486 1016 1578 exempla,
1057 1509 1146 1575 qnae
1173 1487 1262 1558 haec

143 1599 238 1660 sunt.
262 1591 297 1659 in
321 1590 460 1684 Oedipo
479 1592 580 1682 Rege
604 1613 637 1658 v.
661 1588 722 1658 29.

247 1724 315 1824 όφ
332 1725 377 1801 οὗ
391 1726 560 1802 aaronitae
566 1725 682 1853 δάμμ
694 1729 906 1818 Καδμεῐον,
933 1725 1042 1816 μελας
1058 1719 1094 1795 d

184 1827 366 1929 ’Ἅιδης
381 1834 594 1924 στεναγμοῖς
610 1827 670 1901 καὶ
689 1822 789 1926 γόοις
808 1827 1048 1914 πλοντίζεται

139 1990 171 2037 v.
198 1965 285 2036 332.

246 2099 315 2198 dyo*
331 2100 416 2177 οὔτ’
437 2097 619 2196 ἐμαυτόν,
646 2101 733 2178 οὔτε
754 2100 784 2176 σ’
806 2099 957 2196 ἀλγυνῶ.
982 2099 1022 2174 τό
1041 2099 1150 2176 τοῦτ’

247 2207 359 2287 ἄλλως
373 2207 541 2297 ἐλέγχειςς

137 2368 168 2414 v.
197 2337 288 2411 785.

243 2471 343 2573 adrui
355 2471 405 2552 roi
416 2477 492 2603 μὲν
499 2472 632 2550 νείνοιν
650 2468 872 2598 ἐτερπόμην·
900 2501 996 2565 ομως
1012 2470 1050 2546 d

244 2582 360 2668 οννιζε
378 2608 409 2676 μ
449 2579 520 2654 αἰεὶ
546 2574 678 2656 τοῦθ·
705 2574 859 2675 ἀφεῖρπο
878 2570 948 2676 γάρ
965 2568 1066 2651 πολό

138 2741 171 2787 v.
199 2717 311 2788 1184.

245 2853 345 2938 ὅστις
358 2856 550 2980 πόφασμαι
565 2847 632 2950 φύς
646 2849 687 2926 τ’
708 2848 778 2948 ἀφ’
799 2849 849 2925 όν
870 2848 914 2924 od
943 2849 1050 2949 χρῆν,
1051 2845 1135 2933 ξόν
1151 2848 1255 2934 olcr'

245 2955 290 3032 ον’
308 2960 398 3058 χρῆν
418 2986 448 3052 μ
452 2955 630 3054 ’ὀμιλάπ
658 2954 719 3037 οὓς
738 2952 839 3049 πόμ’
852 2952 917 3028 οὖν
938 2956 1011 3029 ἔδει
1026 2950 1176 3029 ντοινόν.

138 3118 172 3164 v.
199 3093 310 3170 1224.

243 3229 298 3306 οἷ’
316 3229 395 3330 ἔργ’
413 3227 627 3320 ἀκούσεσθ’,
655 3228 716 3304 οἶα
734 3226 769 3302 δ’
784 3223 982 3324 uictuma,
1010 3223 1097 3302 ὅσον
1115 3224 1150 3300 δ’

240 3331 394 3435 ἀρεῖσθο
413 3337 556 3415 πένθος.
654 3440 656 3444 ι
729 3417 733 3429 ,

134 3487 178 3556 ln
199 3487 338 3562 Electra
357 3485 528 3558 π.1011.

242 3637 512 3772 ἀπροσδόκητον
528 3636 688 3716 οὐδὲν
651 3665 808 3739 ειρηνας·
834 3637 947 3721 taluc
963 3633 999 3711 d

241 3743 360 3846 ᾔόησ
376 3743 656 3846 ἀπορῥίψουσαν
676 3738 966 3843 ἀπηγγολλόμην

135 3900 177 3970 ln
192 3899 331 3994 Oedipo
350 3901 503 3971 Coloneo
525 3922 557 3969 v.
572 3895 633 3966 16

239 4051 411 4183 χάροςδ
432 4051 492 4132 dd
519 4048 615 4153 ἱρός,
642 4081 687 4137 ως
718 4047 809 4148 σάφ
835 4046 1005 4141 εἰκόσοι,
1025 4042 1149 4148 βοόων
1251 4136 1254 4143 .

241 4154 395 4260 δάφνης,
422 4155 562 4246 ἐλαίας,
589 4154 769 4252 ἀμπέλου·
796 4149 1099 4278 ποννόπτεροιδ

240 4263 309 4338 ἔσω
329 4258 414 4342 κατ’
437 4254 552 4336 πόνον
572 4256 778 4355 νόστομοόσ
784 4252 968 4354 ἀηδόνος·

1348 3268 1372 3305 δ
