2826 4904
267 370 281 397 ο
404 298 1029 366 courcosurrluco,
1229 311 1274 372 4⁴1

154 471 251 542 celsis
263 493 338 539 rem
351 471 579 562 itaexpedire,
595 472 702 541 utlroa
714 474 924 545 comicorum
935 483 1063 564 satyros
1075 480 1271 548 comoedia-

153 597 232 645 mm
245 576 369 666 polim,
393 598 498 665 quam
510 575 702 645 fabularum
713 578 932 666 satyricarum
938 578 1064 648 rndrces
1074 604 1146 650 esse
1162 584 1271 652 existi-

154 701 296 747 memus.
334 678 489 768 Eamque
504 681 726 770 suspicionem
738 681 878 772 egregie
891 682 1067 751 confirmat
1080 684 1178 772 ordo,
1201 709 1271 776 qao

153 783 291 851 fabulae
304 784 442 851 istorum
455 792 634 873 poetarum
645 808 667 850 a
677 784 903 874 grammaticis
917 797 1160 856 enumerantur.
1192 789 1271 858 Sui-

153 886 215 955 das
226 887 263 953 in
275 908 307 955 v.
319 882 748 979 'Rosilorhuiuslabnlas
761 885 833 957 hoc
844 887 963 956 ordine
975 889 1098 958 refert:
1122 893 1270 964 Δτυνα.

151 991 274 1066 λέαινα,
292 983 576 1082 Κάλλαισχρον,
600 991 838 1084 Κένταυρον,
863 985 1077 1083 Σατύρους,
1101 988 1269 1084 Μούσας,

151 1084 431 1186 Μονοτρόπους.
480 1092 580 1160 ldem
604 1093 769 1160 'limoclis
787 1093 920 1160 fabulas
939 1093 1011 1163 lroc
1030 1093 1164 1164 ordine:
1188 1098 1268 1195 Δη.

151 1187 373 1290 μοοότυροι,
396 1195 626 1316 Κένταυρος,
651 1189 828 1277 Kadmos,
853 1189 1079 1287 Ἐπιστολαί,
1104 1193 1269 1288 'Erexer-

151 1300 311 1391 ρι’νανος,
338 1290 610 1394 Φιλοδινόοτης,
637 1292 792 1394 Ηόατης.
842 1298 940 1367 ldem
957 1300 1091 1369 alterius
1105 1302 1269 1370 Timoolis

149 1399 284 1468 tabulas
294 1398 507 1469 hocordine·
532 1395 854 1490 Διουυοιόζουοαι,
866 1397 1160 1497 Πολυπράγμων,
1174 1399 1268 1478 Ἰνό·

151 1528 247 1596 ριοι,
274 1502 417 1598 Δῆλος,
440 1496 576 1599 Λήθη,
602 1496 800 1583 Διόνυσος.
825 1504 1045 1593 Κουίσαλος,
1070 1501 1266 1629 Πορφόρα,

145 1602 303 1698 ’,Ηρωυς
329 1601 576 1700 Δρακόντιον,
604 1608 761 1700 Νέαιρα,
786 1600 973 1703 Ορόοτης,
1001 1603 1265 1730 Μαραθώνιοι.

149 1707 246 1775 {dem
275 1706 463 1796 Phrynichi
495 1708 617 1777 comici
640 1708 771 1779 fabulas
794 1708 865 1778 hoc
885 1708 1021 1783 ordine.
1053 1703 1266 1806 Ἐφιάλτης,

148 1804 303 1898 Κόννου,
328 1810 554 1904 Κωμασταί,
580 1803 770 1908 Σάτυροι,
798 1810 1031 1934 Τραγῳδοιῆ
1046 1807 1266 1886 Απολιόθι·

147 1936 228 2008 por,
252 1907 517 2011 Μουότροπος,
541 1914 713 2003 Μοῦσαι,
737 1907 904 2012 Malusne,
932 1908 1156 2012 Ποαοτριαι,
1181 1909 1266 1989 Σοί-,-

147 2040 273 2111 νυροι..
314 2016 553 2106 Eumdemque
573 2017 727 2086 ordinem
743 2016 848 2086 habet
867 2018 1074 2107 Eudociap.
1089 2017 1189 2104 428
1204 2020 1266 2088 nisi

145 2118 242 2205 quod
255 2112 400 2212 Κρόνος
415 2120 512 2188 addit
523 2130 602 2210 post
613 2115 768 2205 Κόννος,
784 2121 933 2189 etinfine
945 2121 1068 2189 omittit
1081 2115 1264 2217 Σότυροι,

145 2219 238 2287 unde
258 2221 476 2309 corrigendus
497 2232 547 2289 est
570 2223 702 2288 Suidas.
751 2225 851 2290 Nunc
872 2223 946 2308 quis
963 2224 1032 2288 non
1049 2222 1206 2307 miretur,
1230 2224 1266 2291 in

144 2319 266 2389 mediis
285 2331 441 2407 quattuor
452 2331 631 2410 poetarum
653 2321 838 2389 comoediis
853 2322 1008 2412 satyricus
1022 2323 1152 2392 fabulas
1167 2348 1266 2396 eom-

143 2423 342 2508 memorari‚
367 2446 496 2512 neque,
521 2433 560 2491 at
574 2435 732 2513 parerat,
757 2427 958 2493 enumeratis
972 2427 1111 2494 demum
1124 2449 1265 2497 comos·

144 2527 208 2595 diis
231 2525 315 2597 addi
336 2526 489 2614 satyros?
514 2526 665 2611 Quodsi
684 2525 747 2594 has
772 2527 981 2597 comicorum
995 2528 1150 2614 fabulas,
1176 2528 1264 2619 quae

144 2629 330 2720 satyrorum
342 2629 656 2715 nomiaevocmtua
670 2628 865 2699 comoedias
873 2654 945 2700 esse
958 2633 1177 2718 censebimus,
1190 2635 1263 2703 cla-

142 2755 227 2820 rum·
241 2735 321 2817 erit,
345 2755 449 2823 quare
463 2742 500 2801 et
512 2733 844 2806 comoediis-‘misceri
859 2759 881 2802 a
895 2736 1122 2826 grammaticis
1137 2749 1263 2827 potue-

142 2837 224 2921 rint,-
242 2859 353 2925 neque
371 2836 595 2907 accessionem
608 2837 779 2926 requirant
790 2838 874 2906 alins
888 2836 1019 2923 indicis,
1041 2862 1144 2928 quam
1159 2841 1261 2931 Saty-

142 2962 265 3009 rorum.
318 2940 455 3009 Etenim
467 2940 636 3011 credibile
654 2950 728 3026 est,
755 2942 806 3009 uti
824 2942 860 3009 in
871 2939 924 3009 luis
939 2964 1128 3031 paucorum
1139 2955 1261 3034 poeta-

111 3032 116 3043 ’
142 3043 354 3113 rumlabnlis
368 3042 536 3129 (lentam
557 3043 745 3127 Musarum,
768 3038 1171 3139 Mororpo'nornomina
1185 3071 1261 3117 sae-

140 3146 216 3236 pius
232 3147 486 3230 oecurrentita
499 3147 601 3215 etiam
616 3148 754 3236 Satyros
767 3147 880 3236 ipsum
894 3169 1019 3216 nomen
1032 3148 1144 3233 fuisse,
1163 3150 1259 3238 quod

139 3249 256 3339 plnres
268 3259 491 3339 poetuesnae
507 3251 611 3320 alicai-
632 3250 833 3321 comoediae
848 3251 1042 3319 tribuerent.
1093 3254 1167 3319 Nec
1180 3275 1260 3320 sane

139 3353 302 3423 obscurus
314 3362 364 3420 est
378 3351 478 3421 lruins
493 3352 568 3421 fons
584 3353 829 3444 appellationis.
880 3352 1077 3441 Satyrorum
1091 3353 1180 3422 enim
1194 3379 1259 3425 no·

139 3479 229 3542 man,
253 3465 292 3524 ut
305 3457 361 3525 vel
377 3455 517 3524 Moschi
529 3450 703 3552 όοριοτός
719 3454 833 3541 docet,
857 3455 1111 3552 reprehensioni
1122 3459 1179 3527 vel
1193 3460 1257 3528 de-

138 3557 298 3627 formium
316 3561 372 3628 vel
389 3559 645 3629 libidinosorum
662 3559 871 3629 inserviebat.
921 3559 997 3629 Hos
1012 3584 1097 3653 ergo
1112 3563 1257 3631 maxime

137 3662 173 3729 iu
185 3660 240 3730 his
253 3662 398 3748 fabulis,
424 3686 513 3751 qnae
531 3663 642 3755 Satyri
662 3671 876 3747 vocarentur,
902 3663 1074 3731 traductos
1089 3687 1159 3732 esse
1172 3685 1258 3756 pro·

137 3765 254 3832 babile
270 3775 327 3834 est.
378 3765 470 3851 Quin
487 3761 753 3863 Δημοσότυροι
767 3767 932 3835 Timoclis
948 3766 1023 3855 ipso
1038 3765 1177 3834 fabulae
1192 3789 1256 3835 uo·

135 3869 225 3936 mine
239 3868 396 3954 iudicant,
420 3892 489 3938 non
502 3880 642 3959 satyros,
661 3868 794 3938 Baecbi
809 3869 959 3951 comites,
980 3867 1041 3935 sed
1056 3869 1139 3936 alios
1152 3892 1256 3958 quos-
1330 3940 1339 3968 Κ

136 3970 228 4058 dam,
254 3995 339 4061 quos
354 3962 424 4040 hoo
436 3973 571 4041 nomine
585 3973 722 4041 irriserit
733 3982 849 4065 poeta,
866 3970 1012 4064 intelligi
1027 3969 1163 4039 debere.
1197 3973 1255 4045 Ad

134 4073 394 4144 Anaxandridae
407 4085 534 4166 satyros
548 4077 687 4145 fortasse
681 4077 915 4204 spectabant,
935 4096 1024 4163 qnae
1041 4072 1085 4141 de
1099 4073 1169 4146 hoc
1184 4085 1255 4144 tra-

134 4175 221 4246 drdrt
234 4180 442 4270 Eudocrap
459 4177 520 4246 6⁰.
546 4180 606 4251 ιιαι
616 4207 758 4302 πρωτος
773 4205 880 4261 ουτος
893 4180 1028 4275 ερωτας
1039 4203 1099 4252 ναι
1091 4178 1255 4282 παρθέ
1348 4238 1350 4242 -

133 4307 205 4355 νον
222 4277 406 4383 φθορόςό
424 4280 636 4380 παμμίαρος
649 4276 839 4379 ιίςήγαγιν.
939 4359 942 4362 ,
