2826 4904
429 344 615 406 1vnls
679 343 1017 408 PVNIENDI.
1165 399 1170 409 ,
1257 299 1316 410 ‘t'

168 537 272 605 quare
286 537 399 608 poena
415 516 637 607 perpetienda
652 517 737 590 nihil
754 518 822 591 eius
845 526 973 606 natura,
993 527 1030 591 ut
1042 517 1170 586 ratione
1183 525 1281 586 aton*

167 621 225 704 tis,
250 618 413 686 laedatur.
466 619 564 703 Quae
574 643 627 688 res
642 621 688 688 ita
700 645 735 689 se
748 621 890 707 haheat,
918 643 1041 707 necue,
1066 620 1104 688 ld
1120 619 1280 690 conside·

166 722 278 790 randis
291 721 433 811 iuribus,
459 745 548 816 quae
566 724 673 796 laesus
690 746 730 792 er
746 724 863 791 iniuria
887 725 1030 814 accipit,
1064 723 1278 814 intelligetur.

166 826 220 894 Ac
241 847 346 913 quum
366 825 400 895 in
423 846 466 892 eo
488 827 644 895 consistat
658 828 763 901 omnis
782 827 915 917 iniuria,
941 826 1034 917 qnod
1053 827 1098 910 is,
1122 827 1180 916 qui
1203 848 1280 894 eam

165 927 265 1012 facit,
280 928 414 994 alterius
428 929 605 1014 voluntati,
621 952 707 1020 qnae
722 929 859 1017 quidem
872 933 959 999 iusta
976 931 1031 1018 sit,
1056 930 1125 1001 viru
1141 927 1279 997 afferat:

164 1029 245 1100 inde
259 1031 420 1118 consequi
430 1052 564 1101 necesse
579 1042 645 1119 est,
657 1072 660 1077 -
670 1032 834 1121 primum,
858 1042 896 1102 ut
907 1033 952 1119 is,
979 1035 1038 1122 qui
1055 1032 1180 1123 patitur
1192 1031 1280 1099 iniu-

131 1120 138 1133 ’
164 1133 266 1217 riam,
291 1132 327 1199 in
340 1132 509 1201 voluntate
524 1156 583 1201 sua
598 1134 671 1202 iure
684 1158 881 1225 permanere
894 1137 1014 1226 possit3
1038 1135 1132 1225 dein,
1153 1142 1191 1201 nt
1205 1134 1279 1202 lae·

165 1234 259 1321 dens,
268 1237 622 1324 quaecumqueininste
636 1249 751 1308 contm
765 1240 971 1328 superiorem
985 1238 1150 1328 suscipiat,
1161 1257 1279 1304 eorum

164 1339 296 1406 ratione
323 1340 462 1407 naturae
490 1362 570 1408 snae
603 1338 801 1431 dignitatem
825 1343 995 1412 abdicme
1019 1339 1061 1410 sit
1085 1338 1277 1408 censendus.
1337 1404 1347 1423 ,

164 1442 274 1528 Hine,
299 1441 383 1528 quid
405 1443 483 1508 iuris
502 1441 628 1510 habeat
642 1445 766 1531 laesus,
793 1454 946 1535 apertum
960 1453 1019 1512 est.
1069 1444 1157 1513 Nam
1173 1461 1278 1530 quum

164 1565 264 1613 omne
278 1542 424 1612 hominis
436 1545 534 1614 insin
551 1543 622 1614 hoc
633 1548 704 1614 solo
718 1548 865 1638 positum
884 1549 941 1632 sit,
967 1555 1005 1616 ut
1023 1546 1170 1631 libertas,
1191 1566 1278 1633 qua-

161 1655 259 1714 tenus
285 1647 421 1715 rationis
444 1647 576 1738 legibus
595 1649 749 1719 adstricta
772 1661 839 1736 est,
870 1650 961 1717 salva
982 1657 1082 1736 atque
1100 1647 1278 1714 incolumis

161 1758 325 1818 servetur:
349 1771 417 1818 non
431 1759 544 1840 potest
555 1751 652 1819 latius
668 1762 785 1842 patere
798 1755 848 1820 ius
869 1753 962 1837 laesi,
988 1773 1089 1839 quam
1114 1749 1158 1818 ad
1179 1760 1277 1816 tuen-

162 1852 245 1919 dum
258 1854 362 1925 iustae
374 1853 534 1920 libertatis
548 1875 647 1923 usum
660 1877 744 1945 opus
758 1866 815 1924 est.
856 1855 974 1943 ltaque
990 1855 1103 1923 facere
1117 1854 1149 1920 ei
1163 1852 1277 1920 omnia
1334 1854 1344 1865 '

161 1955 259 2043 licet,
284 1955 404 2043 quibus
423 1955 616 2025 laedentem
637 1960 680 2026 ab
706 1959 824 2027 iniuria
845 1959 1011 2026 abstinere
1033 1964 1145 2047 cogat.
1196 1954 1276 2025 Hoc
1376 1959 1379 1973 '

161 2066 274 2125 autem
290 2058 481 2127 coercendo
502 2069 632 2128 tantum
654 2062 766 2148 abest,
790 2071 827 2130 nt
838 2062 972 2130 rationis
989 2061 1194 2129 sanctitatem
1210 2057 1276 2124 im-

159 2160 306 2244 minuat,
333 2184 408 2228 eam
422 2170 460 2228 ut
474 2163 586 2250 potius
604 2173 784 2231 conservet.
836 2163 971 2230 Etenim
993 2173 1126 2230 eatenus
1147 2169 1276 2226 tautum

147 2262 299 2328 uetitum
313 2271 362 2327 est
375 2263 519 2328 aliomm
533 2265 726 2329 libertatem
739 2264 923 2352 impedire,
939 2273 1101 2351 quatenus
1116 2263 1175 2329 illa
1192 2261 1275 2330 fines

89 2398 92 2404 ·
161 2362 206 2430 ab
218 2361 347 2428 ratione
360 2361 584 2451 praescriptos
596 2383 665 2430 non
678 2364 859 2455 egreditur.
917 2367 1007 2434 Nam
1035 2367 1080 2451 si,
1113 2374 1275 2452 quatenus
1355 2417 1357 2420 .

160 2487 240 2534 cum
257 2464 390 2530 rationis
401 2466 592 2554 praeceptis
606 2466 785 2551 consentit,
810 2476 924 2558 posset
937 2468 1081 2552 tmbari,
1105 2467 1179 2556 ipsa
1190 2467 1275 2532 ratio

157 2576 197 2636 ut
210 2588 325 2659 secum
338 2566 524 2634 dissentiret
544 2590 679 2637 necesse
693 2577 792 2639 earet:
831 2579 866 2636 at
877 2569 937 2637 ubi
951 2570 1025 2658 quis
1041 2592 1083 2637 ea
1096 2590 1174 2636 cnm
1191 2588 1275 2636 oon·

158 2680 289 2760 temptu
309 2670 447 2736 rationis
471 2671 561 2737 male
575 2672 738 2756 abutitur,
759 2672 815 2740 ibi
836 2673 993 2763 profecto
1021 2673 1048 2738 si
1072 2671 1274 2761 reprimitur,

157 2773 244 2841 nihil
259 2772 414 2839 rationali
426 2781 563 2840 naturae
577 2773 709 2842 accedit
723 2773 920 2843 detrimenti.
945 2775 1043 2843 Licet
1057 2772 1159 2865 igitur
1169 2774 1273 2859 laeso,

159 2875 254 2965 quod
276 2875 321 2942 ad
343 2874 526 2943 laesionem
548 2876 762 2944 avertendam
788 2877 920 2962 attinet,
953 2879 1000 2945 ita
1021 2898 1098 2947 cum
1116 2877 1273 2944 laedente

159 2998 273 3070 agere,
287 2999 328 3046 ac
344 2978 408 3045 siis
422 2978 514 3045 nulla
526 2978 667 3047 haberet
673 2980 756 3063 iura,
764 2979 932 3071 planeque
946 3002 987 3048 ex
997 3001 1136 3049 numero
1145 2981 1274 3047 ratione
1324 3054 1327 3058 Α

158 3081 321 3151 utentium
342 3089 426 3148 esset
454 3092 636 3173 exemptus.
687 3081 731 3150 ld
755 3093 866 3151 autem
886 3091 1026 3154 vocatur
1045 3084 1096 3151 ius
1112 3080 1271 3173 cogendi.

159 3183 295 3274 Cogere
308 3183 395 3251 enim
409 3182 495 3251 nihil
507 3194 556 3251 est
569 3184 672 3268 alind,
688 3207 791 3274 quam
804 3186 964 3253 libertatis
972 3208 1051 3254 snae
1066 3185 1272 3269 facultatem,

158 3295 320 3376 quatenus
332 3287 391 3352 illa
411 3286 531 3353 rationi
541 3309 609 3354 uon
622 3297 807 3380 repugnat,
833 3297 949 3357 contra
971 3288 1038 3355 vim
1051 3287 1192 3355 aliomm
1207 3285 1275 3354 de-⁴
1302 3303 1305 3309 ’
1328 3327 1330 3331 -

158 3389 300 3457 tendere
314 3398 488 3477 tutamque
500 3399 681 3481 praestare.
734 3390 839 3474 Quod
861 3389 1120 3482 quumduplici
1141 3392 1270 3459 ratione

160 3492 252 3560 effici
276 3499 392 3579 queat:
418 3492 500 3561 dum
514 3493 553 3560 fit
565 3493 699 3578 iniuria,
724 3515 759 3561 se
772 3493 1006 3580 defendend03
1031 3494 1194 3563 ubifacta
1211 3498 1271 3576 est,

160 3618 235 3662 eam
255 3596 501 3685 persequendo,
522 3596 632 3664 donec
651 3597 686 3663 in
705 3597 874 3688 integrum
897 3597 1034 3664 libertas
1048 3597 1195 3664 restituta
1211 3595 1269 3663 sit:

159 3698 319 3767 contineri
331 3700 383 3766 ius
399 3697 547 3790 cogendi
560 3698 690 3766 duabus
702 3702 852 3789 partibus
867 3698 995 3771 clamm
1008 3709 1077 3784 est,
1099 3699 1172 3767 iure
1184 3691 1269 3788 'pro-

157 3801 343 3891 pulsandae
354 3803 508 3888 iniuriae,
535 3811 568 3869 et
583 3802 655 3871 inre
671 3802 856 3892 exigendae
869 3801 1105 3871 satisfactionis.
1150 3800 1269 3889 Itaque

158 3905 271 3972 omnia
286 3904 378 3972 laeso
392 3905 507 3974 facere
520 3905 622 3989 licet,
640 3906 760 3995 quibus
779 3905 835 3974 vel
849 3914 1059 3996 praesentem
1080 3901 1233 3971 iniuriam
1249 3925 1270 3971 a

158 4030 193 4074 se
207 4007 476 4097 prohibeat',‚vel
488 4009 578 4078 facta
588 4017 626 4076 nt
639 4009 835 4076 dissolvatur
847 4009 1028 4100 pertineat.
1053 4006 1150 4090 Quae
1164 4029 1269 4097 quum

156 4111 338 4201 impetrare
349 4132 418 4178 non
429 4119 558 4201 potest,
572 4111 633 4179 nisi
648 4111 847 4180 adhibendis
863 4112 975 4195 malis,
994 4127 1128 4180 necesse
1144 4117 1207 4195 est,
1232 4117 1270 4177 ut

159 4213 440 4281 catenus'malum
459 4213 584 4284 inferre
599 4215 746 4284 laedenti
766 4217 888 4305 possit,
914 4223 1074 4302 quatenns
1089 4237 1131 4281 eo
1149 4211 1194 4280 ad
1207 4234 1269 4282 co-

158 4316 309 4410 gendam
324 4322 444 4386 utatm.
483 4312 564 4388 Hoc
580 4318 669 4387 enim
685 4317 810 4387 faciens
824 4318 1020 4390 rationalem
1036 4328 1187 4387 naturam
1197 4315 1270 4385 lae·—
