2826 4904
219 299 261 361 62
315 293 372 357 DE
391 292 631 359 FRAGMENTO
654 291 982 359 commoratu
1003 292 1224 356 SOPHOCLIS.

208 492 325 562 ¹gnum
342 491 412 559 quo
426 477 598 538 uterentur
613 469 742 560 tragici.
768 468 840 537 Ter
852 466 938 535 iilud
952 467 1090 558 quidem
1104 469 1140 538 in
1155 469 1334 562 fragmen-

100 608 103 613 .
219 573 258 647 tis
274 571 447 665 Euripidis
461 573 597 664 legitur,
618 573 654 642 in
668 570 889 663 Melanippae
904 572 1026 662 fragm.
1047 572 1139 641 XXI.
1161 581 1194 642 et
1208 573 1332 642 XXlll.
1402 636 1407 643 .

220 677 301 744 etin
313 674 666 768 Phaethontisiragm.
690 675 749 743 vl.
802 674 874 744 Sed
888 674 933 742 de
953 672 1103 764 linquid
1117 676 1334 746 statuendum

219 786 320 864 esset,
344 779 445 847 etiam
459 790 572 848 tacens
585 780 770 871 sapientem
783 787 834 847 sat
846 778 975 846 monuit
995 778 1231 847 eruditissimus
1244 779 1333 848 Val-

220 880 393 949 ckenarius
406 882 441 950 in
456 881 598 950 diatriba
612 882 656 950 de
670 882 793 972 fragm.
809 882 890 950 Eur.
905 904 941 972 p.
956 879 1042 949 183.
1093 883 1281 969 Nimirum,
1306 884 1334 951 si

217 984 309 1056 nunc
323 985 459 1071 viveret,
478 985 574 1053 aliter
590 984 785 1054 emendaret
799 985 898 1052 istum
910 985 1083 1076 Euripidis
1094 986 1221 1055 locum
1261 985 1333 1054 Ita-

219 1109 286 1176 que
305 1088 410 1159 critici
422 1089 651 1178 inposterum,
664 1087 839 1177 siquando
854 1093 936 1169 παῖς
951 1088 1037 1156 iusto
1053 1089 1190 1157 brevior
1203 1086 1250 1156 ad
1257 1112 1333 1158 me-

217 1201 309 1260 trum
332 1193 412 1277 erit,
436 1213 580 1283 puerum
602 1199 779 1285 potenmt,
810 1191 911 1263 etiam
932 1199 1111 1282 antequam
1133 1192 1334 1278 adoleverit,

217 1294 448 1385 proceriorem
468 1294 592 1364 facere.
643 1296 716 1364 Nisi
731 1294 857 1364 falcem
877 1293 912 1361 in
929 1294 1055 1363 alienas
1068 1319 1190 1364 messes
1204 1295 1334 1364 immit-

217 1405 290 1465 tere
306 1396 456 1489 iniquum
471 1397 686 1485 duceremus,
711 1398 795 1466 alios
812 1396 978 1487 quosdam
991 1421 1104 1469 versus
1120 1421 1162 1467 ex
1175 1398 1238 1464 iilo
1258 1398 1332 1466 fra-

216 1508 358 1591 gmento
373 1523 628 1592 apponeremus.
655 1503 754 1570 Nunc
769 1523 850 1569 vero
864 1499 934 1572 hoc
946 1510 1077 1571 tantum
1085 1502 1213 1570 addere
1224 1500 1334 1570 visum

218 1612 283 1687 est,
311 1604 398 1671 finiri
420 1605 649 1697 fragmentum
669 1605 816 1674 carmine
837 1603 944 1674 chori.
993 1605 1034 1674 ln
1057 1626 1117 1693 eo,
1147 1614 1185 1674 ut
1203 1606 1239 1672 in
1260 1605 1337 1673 aliis

216 1707 419 1796 quibusdam
440 1708 543 1791 locis,
576 1709 723 1799 plurima
743 1716 833 1795 sunt,
859 1730 947 1798 quae
970 1710 1111 1804 egregie
1134 1708 1335 1779 comirment

218 1809 405 1880 doctrinam
420 1812 595 1882 metricam
609 1810 822 1880 Ahlwardtii.
