2826 4904
199 285 267 428 'aar
316 333 367 395 oc
389 333 531 394 neuun
556 334 606 395 ur
628 315 859 396 rcuoursrlo
880 332 920 393 n
942 330 1097 393 enarer
1117 331 1274 395 nncvr.

203 504 280 589 hic,
314 504 382 573 aiei
397 526 508 575 socru
530 504 759 590 addicerent,
792 525 862 593 quo
884 526 1020 595 prorsus
1044 527 1086 572 ea
1114 512 1169 573 res
1194 505 1317 573 incerta

204 609 466 697 relinqueretur,
491 609 552 676 sed
568 615 641 697 aut,
670 609 791 677 eiam
813 606 1034 690 addicerent,
1060 617 1118 676 aut
1143 608 1243 699 quod
1255 631 1318 677 noa

204 711 424 782 addicerent.
474 711 533 780 Sic
553 711 655 779 etiam
679 710 772 801 apud
796 711 973 779 Platonem
1000 709 1035 776 in
1062 711 1264 779 Parmenide
1283 734 1315 802 p.

205 812 290 882 146.
323 814 365 882 Ε.
398 809 483 887 οὐδὲ
511 806 585 909 μήτ
611 818 753 894 ἑαυτοῖς
778 841 819 906 rc
845 808 944 911 ἕτερ’
976 811 1023 885 ἄν
1056 813 1111 912 εἴη
1143 807 1316 911 ἀλλήλων,

203 911 256 1013 μή
280 918 484 1010 μετέχοντα
507 915 578 989 τοῦ
603 917 741 1010 ἑτέρου.

305 1017 378 1087 Sed
398 1019 502 1087 finem
521 1018 694 1110 imponam
716 1017 798 1088 huic
811 1017 1040 1086 dissertationi.
1091 1018 1216 1106 Neque
1234 1018 1317 1086 euim

205 1120 297 1190 aliud
320 1121 432 1207 volui,
466 1144 568 1210 quarn
596 1120 792 1207 ostendere,
830 1121 1090 1212 explicationem
1116 1119 1217 1189 huius
1242 1122 1317 1207 loci,

204 1227 263 1315 qui
287 1232 337 1292 est
355 1225 401 1292 de
422 1225 531 1315 ellipsi
553 1233 588 1292 et
612 1225 828 1314 pleonasmo,
860 1224 915 1291 vix
946 1222 1159 1308 inchoatam,
1191 1223 1315 1292 nedum

203 1327 393 1419 perfectum
406 1350 493 1407 case3
518 1348 559 1397 ac
572 1350 615 1394 ne
630 1350 731 1419 posse
747 1326 886 1416 quidem
899 1328 1037 1417 perlici,
1063 1328 1125 1395 uisi
1139 1327 1210 1412 illa,
1234 1350 1317 1416 quae

204 1430 333 1500 abhoc
353 1431 432 1499 loco
449 1431 558 1497 aliena
572 1439 662 1515 sunt,
686 1439 929 1498 removeantur.
980 1429 1109 1498 Poterit
1129 1439 1245 1499 autem
1265 1431 1317 1498 vel

205 1557 247 1602 ex
268 1532 337 1602 hac
362 1557 400 1601 re
420 1533 584 1624 intelligi,
615 1541 826 1624 quantopere
846 1533 1029 1616 fallantur,
1056 1556 1229 1622 quamque
1255 1540 1316 1625 pa-

203 1660 297 1722 rum,
324 1657 393 1725 quo
406 1637 439 1704 in
453 1641 539 1704 statu
552 1635 593 1703 sit
606 1635 759 1707 Graecae
773 1636 910 1727 linguae
925 1636 1092 1728 cognitio,
1117 1637 1315 1729 intelligant,

203 1741 263 1830 qui
284 1741 341 1810 vel
361 1738 580 1808 fundamenta
602 1740 692 1808 iacta
712 1762 784 1807 esse
809 1738 964 1808 Graecae
985 1741 1229 1830 grammaticae
1245 1761 1316 1809 crc-

203 1843 297 1911 duut
350 1841 455 1926 Quod
480 1845 618 1912 sirecte
638 1843 880 1911 remvolumus
900 1843 1090 1927 aestimare,
1124 1842 1252 1932 aliquid
1273 1842 1316 1910 ad

135 1951 286 2017 autenm
308 1945 411 2013 finem
433 1946 591 2013 materiae
611 1945 723 2037 parari
748 1954 910 2036 coeptum
931 1967 1000 2013 esse
1014 1945 1214 2027 fatebimur3
1239 1967 1316 2015 coe-

203 2057 301 2139 ptum
322 2070 393 2138 esse
408 2049 510 2116 etiam
529 2050 564 2116 in
577 2048 686 2115 varios
700 2047 795 2117 locos
810 2048 920 2140 digeri
933 2046 1023 2118 hanc
1041 2050 1232 2129 materiam3
1257 2048 1315 2117 sed

204 2160 383 2241 antequam
409 2151 528 2242 plura,
569 2173 677 2240 eaque
707 2173 775 2219 non
800 2159 951 2236 temere,
992 2153 1054 2220 sed
1076 2175 1155 2220 cum
1177 2152 1314 2222 consilio

166 2256 354 2345 4quodam
374 2261 407 2321 et
426 2254 551 2324 iudicio
567 2262 728 2347 congesta
748 2255 889 2340 fuerint,
914 2276 983 2322 non
1002 2277 1073 2323 esse
1089 2255 1258 2338 futurum,
1280 2262 1314 2321 ut

204 2358 250 2427 ad
275 2381 391 2426 veram
414 2366 449 2427 et
476 2365 667 2429 accuratam
695 2357 851 2430 Graecae
878 2360 1120 2451 grammaticae
1148 2350 1312 2433 scientiam

202 2462 426 2554 perveniatur.
