2826 4904
102 302 106 313 ’
231 319 294 386 ιιι
456 316 514 378 nn
534 315 719 379 nemesi
743 315 799 376 nr
820 315 1105 377 rnuonnsno
1143 376 1153 393 ,

231 491 395 587 ὄλεθρον.
447 490 545 560 Alter
566 487 687 579 Odyss.
709 486 834 574 XXIV,
858 487 943 557 376.
977 490 1253 581 interpretatione
1277 492 1339 560 ad-

227 595 403 664 iuvandus:

331 731 374 803 αἲ
397 723 486 823 yde,
513 726 588 800 Ζεῦ
602 753 643 800 τε
659 751 788 853 πατερ.
793 724 853 797 καὶ
867 723 1048 823 ’Λθηναίη
1066 724 1125 796 καὶ
1140 725 1337 819 Aeolios,

332 833 406 912 οἶος
416 826 584 952 Νήρικον
604 829 720 918 εἶλον,
747 826 956 920 ἐϋκτίμενον
977 827 1210 924 πτολίεθρον,

333 927 446 1027 οἱκτήν
465 930 648 1028 ἠπείροιο,
675 926 1015 1061 Κεραλλήνεσσιν’
991 925 1173 1018 ανοὲσσοιν,

333 1043 431 1116 τοῖος
445 1030 512 1108 isis
525 1062 586 1106 τοι
601 1028 760 1123 χθιζος’
743 1060 780 1106 εν
799 1029 1008 1129 ημετέροισι
1023 1027 1207 1124 δόμοισιν,

331 1132 450 1228 τεύχε’
466 1140 555 1228 ἔχων
569 1161 741 1229 ομοισιν,
769 1130 1013 1229 ἐφεστάμεναι
1031 1134 1090 1206 καὶ
1110 1130 1264 1228 ἀμύνειν

331 1240 463 1334 ἄνδρας
478 1239 699 1336 pensatique·
726 1237 778 1332 τῷ
793 1265 852 1309 κεν
869 1241 986 1332 σφέων
1003 1231 1141 1331 μούναν
1147 1233 1290 1312 ’ἔλυσα

330 1343 511 1415 uoiloiv'
493 1369 531 1416 εν
553 1340 767 1438 μεγάροισι,
795 1366 839 1412 συ
831 1333 895 1413 δὲ
910 1341 1049 1438 φρένας.
1059 1341 1161 1412 ἔνδον
1177 1335 1315 1441 ἰάνθης.

221 1483 269 1552 ,ln
289 1503 358 1568 quo
379 1481 459 1549 looo
480 1477 564 1546 nihil
581 1475 787 1546 difficultatis
803 1486 867 1562 est,
894 1477 922 1544 si
935 1477 1148 1568 aposiopesin
1166 1452 1338 1564 adhiheas,

227 1583 394 1652 infinitivis
412 1582 554 1649 everbis
567 1586 664 1658 κοῖος
680 1572 746 1651 ἑοὶν
759 1578 1002 1667 pendentibus:
1027 1582 1164 1650 utinam
1182 1583 1267 1651 talis
1289 1583 1339 1651 ad

175 1718 177 1722 ¹
228 1687 401 1757 auxilium
416 1685 495 1753 heri
505 1681 703 1778 serendum
720 1721 780 1747 -.

441 1914 494 1978 VI.
515 1914 575 1978 De
602 1916 744 1998 ellipsi
762 1918 1135 1999 praepositionum.

330 2077 532 2145 Perventum
562 2082 612 2140 est
643 2072 789 2163 denique
829 2073 874 2140 ad
912 2073 1047 2164 ellipses
1089 2075 1337 2166 particularum,

226 2203 313 2270 quae
335 2202 415 2271 pars
437 2177 536 2244 huius
558 2175 732 2246 doctrinae
758 2185 795 2243 ut
825 2176 973 2266 speciem
998 2178 1068 2245 veri
1094 2179 1338 2265 admirabilem,

227 2286 293 2362 ita,
320 2282 413 2372 quod
439 2283 512 2348 iure
535 2303 652 2354 verum
672 2280 784 2349 dicere
807 2281 931 2369 poesia,
957 2280 1041 2346 nihil
1061 2282 1165 2372 plane
1185 2285 1338 2353 continet.

138 2458 141 2463 ,
227 2389 316 2454 Nam
336 2387 362 2453 si
380 2394 471 2453 recte
487 2406 588 2474 supra
602 2383 856 2469 contendimus,
882 2384 1076 2474 praedicata
1092 2408 1222 2472 rerum,
1248 2386 1338 2475 quod

228 2500 346 2580 sponte
360 2488 503 2578 intelligi
521 2496 705 2575 nequeant,
730 2507 798 2553 non
813 2508 912 2576 posse
933 2488 1057 2572 omitti,
1083 2500 1338 2558 consentaneum

229 2604 295 2679 est,
325 2592 507 2682 particulas
531 2612 663 2674 omnen,
693 2589 728 2655 in
750 2589 870 2677 quihus
890 2591 1001 2657 variae
1021 2613 1134 2660 rerum
1160 2595 1338 2685 cogitatio-

228 2717 375 2784 numque
399 2695 485 2761 inter
510 2717 545 2761 se
566 2693 710 2761 rationes
727 2691 932 2778 indicentur,
969 2693 1016 2761 ita
1044 2717 1114 2763 esse
1130 2697 1345 2780 necessarias,-

227 2899 432 2920 Ἀ

227 3032 259 3091 in
278 3029 421 3108 Lexilogo
445 3029 468 3094 1.
494 3051 525 3111 p.
548 3032 599 3098 56.
622 3040 651 3091 et
672 3033 701 3092 in
725 3052 846 3110 gramm.
865 3035 917 3095 Gr.
939 3034 1007 3097 mai.
1029 3034 1053 3094 Ι.
1071 3056 1102 3116 Ρ.
1126 3037 1200 3102 539.
1244 3035 1337 3111 Nega-

227 3117 302 3177 bant
323 3116 401 3174 enim
411 3124 527 3176 veteres
543 3118 728 3195 grammatici
744 3142 775 3180 ιιι
794 3129 860 3178 ante
877 3130 1085 3180 consonantem
1101 3120 1176 3179 dici:
1199 3140 1227 3183 v
1240 3122 1336 3200 Etym.

227 3203 269 3262 Μ.
290 3224 323 3300 Ρ
341 3206 402 3276 72,
423 3206 474 3266 26
496 3205 576 3280 775,
603 3209 653 3269 23.
677 3203 812 3264 Eustath.
834 3211 953 3284 poss,
977 3212 1027 3273 43
1052 3208 1336 3279 1047,54.1224
1400 3223 1402 3228 ’

226 3291 280 3354 58.
302 3287 344 3345 ita
366 3296 401 3345 ut
405 3287 577 3386 ,qupniam
592 3299 717 3369 propter
737 3289 823 3350 istam
841 3291 975 3367 regulam
998 3291 1110 3369 passivi
1133 3291 1287 3392 optativus
1301 3291 1338 3350 sat

228 3366 405 3452 ζευγνύμην,
427 3393 465 3432 ne
478 3373 507 3432 in
525 3375 624 3433 activo
641 3375 761 3453 quidem
781 3378 954 3456 ζευγνυίην,
976 3376 1027 3435 sed
1043 3370 1190 3456 ζευγνυην
1204 3376 1336 3434 scriben-

228 3458 300 3516 dum
319 3466 472 3535 putarent:
492 3459 563 3518 vide
576 3460 704 3519 Bekkerr
721 3460 832 3520 Anecd.
849 3482 881 3539 p.
905 3466 997 3526 1292.
1019 3463 1149 3519 Rectene
1164 3461 1208 3519 rlh
1225 3482 1263 3520 an
1277 3461 1337 3519 sola

226 3542 354 3604 raritate
377 3543 583 3643 exemplorum
600 3545 721 3604 adducti
741 3568 773 3605 οι
792 3555 860 3602 ante
877 3556 1087 3604 consonantem
1102 3546 1259 3605 serendum
1276 3565 1336 3604 esse

227 3637 346 3706 negent,
368 3627 493 3712 sortasse
510 3630 700 3708 antiquarum
714 3630 979 3708 inscriptionumr
963 3631 979 3688 Γ
984 3632 1019 3690 de
1036 3631 1198 3709 aliquando
1212 3631 1335 3712 patebit

226 3713 423 3774 Pronunciari
450 3736 467 3772 a
491 3715 613 3773 Graecis
635 3715 718 3773 illam
748 3713 967 3794 diphthongum
990 3727 1131 3794 sequente
1157 3724 1336 3776 consonante

224 3798 378 3902 potuisse,
400 3800 570 3858 nouaclum
586 3792 663 3878 οἷμφὶ
679 3799 762 3861 νέκυι
778 3802 1101 3880 κατοικεθνηιῦτιΙΙὶεά.
1117 3823 1149 3862 ιι.
1172 3804 1246 3869 526
1264 3801 1335 3867 665.

226 3893 258 3943 et
281 3877 361 3962 cippi
388 3882 473 3946 νέκυι
494 3883 546 3946 καὶ
563 3878 700 3964 Ἀχιλλῆϊ
718 3886 806 3945 Iliad.
825 3909 858 3948 οι.
878 3890 948 3953 108.
971 3887 1135 3965 atquealia
1152 3885 1336 3959 huiusmodi,

111 4028 114 4037 ,
227 3966 281 4029 sed
296 3967 410 4026 certius
431 3969 520 4028 etiam
542 3968 663 4028 Aeolica
685 3970 737 4031 illa
754 3971 879 4044 docent,
901 3973 1000 4048 ovida,
1030 3975 1096 4048 τοί,
1119 3971 1223 4053 μὲσυι,
1248 3973 1334 4035 ἴντνι.

226 4051 393 4133 Dequibus
410 4055 481 4115 tide
502 4049 751 4131 Theognostum
741 4077 773 4114 ιιι
795 4056 924 4114 Bekkeri
946 4057 1057 4116 Anecd.
1082 4080 1111 4137 p.
1138 4063 1231 4125 1425
1243 4077 1338 4138 proe-

133 4156 136 4161 ’
225 4138 315 4217 cipue
342 4147 441 4198 nutem
463 4139 516 4218 qui
542 4138 579 4199 de
598 4140 845 4246 pronunciatione
867 4141 945 4201 dixit
965 4143 1236 4224 Priscianuml.p
1239 4143 1338 4209 ..666

227 4224 294 4302 (86.
313 4221 360 4283 ed.
374 4222 496 4299 Krehl.)
519 4219 606 4286 Tvtt’
626 4225 704 4284 illud
718 4225 938 4287 TheocritoV
961 4232 1013 4292 30.
1036 4249 1084 4288 res
1086 4233 1210 4288 1tutum
1230 4251 1247 4288 a
1268 4228 1338 4290 Vol

40 4386 43 4393 ,
170 4377 176 4387 1
226 4327 297 4388 gero
309 4307 440 4389 probare
460 4307 581 4370 videtin
601 4308 776 4373 Schaeserus
794 4312 831 4372 sd
852 4313 939 4393 Greg
953 4314 1023 4374 Cor.
1044 4334 1076 4394 Ρ.
1098 4317 1210 4382 897.
