2826 4904
211 1606 253 1649 κ.
293 1508 514 1599 rroex
574 1496 1121 1600 orvsoveoavrr.

172 2296 202 2354 1.
221 2288 267 2346 De
288 2285 483 2344 fundamento
505 2283 581 2340 iuria
600 2282 747 2362 puniendi
851 2329 859 2342 .

170 2448 201 2508 2.
223 2440 268 2499 De
288 2457 411 2520 poeseos
433 2435 590 2516 generibus
634 2479 1099 2498 ......

169 2599 201 2661 3.
221 2595 266 2654 De
287 2593 421 2654 dramate
445 2589 692 2670 comicosatyn'co
763 2634 771 2650 .
850 2633 859 2650 .
895 2568 898 2585 ⁸

170 2752 202 2818 4.
221 2746 266 2809 De
298 2749 465 2826 fragmento
499 2746 750 2825 Clytaemestrae
779 2728 939 2827 Sophoclis
960 2744 995 2805 in
1024 2745 1144 2808 duobus

278 2867 366 2928 codd.
385 2874 507 2948 reperto

169 3023 200 3090 5.
222 3020 440 3084 Commentatio
477 3020 514 3080 de
544 3019 664 3099 verbis,
712 3019 818 3099 quibus
856 3019 964 3081 Graeci
991 3020 1141 3081 incessum

276 3161 423 3223 equorum
443 3139 592 3220 indicant,
615 3139 655 3200 ad
674 3138 909 3221 Xenophontem
930 3140 968 3201 de
990 3160 1025 3202 re
1046 3160 1140 3222 eque·
1254 3176 1259 3187 ι

275 3257 573 3362 rapport.
660 3303 668 3316 .
754 3302 763 3317 .
848 3304 857 3318 .
943 3302 952 3320 .
1035 3304 1047 3357 .·
1132 3306 1141 3321 .
1225 3263 1269 3328 oa

170 3421 201 3483 6.
222 3416 266 3476 De
278 3412 447 3476 differentia
462 3431 571 3494 procae
591 3419 622 3472 et
641 3412 776 3493 poeticae
798 3412 943 3474 orationis
963 3413 1139 3497 disputatio.

277 3532 536 3595 Parslw.
619 3573 629 3591 ·
904 3580 912 3595 .
1226 3539 1268 3604 81

33 3766 37 3777 ¹
170 3694 203 3755 7.
223 3687 267 3750 De
287 3687 457 3749 differentia
476 3705 586 3767 prosae
605 3693 636 3746 et
654 3687 790 3768 poeticae
803 3687 949 3749 orationis
965 3687 1140 3771 disputatio.

277 3810 348 3870 Para
368 3808 396 3868 Π
397 3849 1139 3873 .........
1205 3812 1267 3874 117

172 3927 202 4030 8.
224 3961 456 4024 Observationes
478 3960 517 4022 de
539 3959 670 4020 Graecae
688 3958 965 4049 linguaedialectio
996 4005 1004 4024 .
1089 4005 1099 4021 ·
1204 3965 1268 4030 129

168 4122 198 4185 9.
220 4115 397 4180 Disserdatio
419 4115 458 4175 de
478 4113 580 4196 ellipei
601 4123 633 4175 et
650 4114 825 4197 pleonasmo
845 4118 879 4178 in
901 4118 1015 4180 Graeca
1034 4113 1139 4196 lingua
1205 4113 1269 4182 148

149 4274 201 4338 10.
221 4271 267 4335 De
287 4270 414 4335 dialecto
435 4267 560 4334 Pindari
583 4269 805 4338 observationes
848 4316 856 4334 .
941 4315 951 4334 .
1035 4314 1045 4334 .
1130 4315 1166 4337 .,
1203 4265 1269 4336 245
