2826 4904
224 271 368 391 aaron.
383 327 598 429 ,ramumco
619 299 801 394 avevsro
822 329 962 394 noum
981 330 1144 400 mervu.
1173 336 1255 404 ‘aar
1302 318 1304 320 ’

140 501 329 570 dummodo
359 500 425 592 ipsi
453 501 625 591 quibusvis
652 504 881 595 voluptatibus
909 499 1117 591 fruerentur,
1158 506 1256 597 parvi

138 605 289 676 fecerint·
306 605 714 694 laborem‚‘molestiam,
744 608 927 694 miseriam,
960 609 1135 700 ipsamque
1152 609 1255 678 uitam
1295 632 1297 636 ’

140 709 279 789 civium3
304 731 406 797 quam
427 708 545 801 legum
568 709 660 799 apud
678 733 736 778 eos
753 734 877 779 vanum
892 711 992 780 fuerit
1008 733 1132 780 nomen
1153 721 1255 800 atque

138 813 244 880 inanis
266 811 461 896 auctoritas,
482 812 545 880 >ubi
560 813 658 881 silere
676 815 903 905 cogebantur,
929 837 1034 903 quum
1050 816 1126 908 regi
1143 817 1256 886 eiusve

140 915 254 986 amicis
272 915 468 1006 placuisset3
498 938 602 1005 quam
630 915 817 985 foederumv
831 924 969 1005 temere=
983 920 1254 989 conculcaverint

141 1028 270 1088 sacrata
286 1019 370 1103 iura,
396 1017 502 1086 fidem
512 1020 546 1085 in
558 1019 739 1110 perfidiam
754 1029 930 1109 mutantes,
957 1022 985 1088 si
995 1022 1185 1090 imatiahilis
1201 1022 1255 1090 iu·
1300 1090 1302 1098 ,

138 1123 255 1194 citaret
273 1121 423 1201 avaritia3
447 1144 549 1210 quam
569 1124 666 1215 large
689 1123 903 1214 profuderint
921 1124 1117 1215 sanguinem
1140 1125 1255 1193 inson-

139 1227 241 1311 tium,
266 1227 294 1293 si
318 1225 392 1293 dira
412 1225 578 1294 vindictae
592 1227 799 1319 pervicacia,
824 1226 889 1294 vel
901 1226 1033 1318 gloriae
1051 1227 1179 1301 furens
1192 1248 1255 1296 cu·

138 1327 389 1421 pidoadderet
408 1329 568 1396 stimulos.
618 1329 664 1397 Et
684 1330 731 1398 ita
756 1329 805 1396 illi
822 1329 868 1397 ad
889 1329 1029 1399 laudem
1050 1340 1084 1399 et
1108 1331 1255 1423 gloriam

137 1433 227 1502 viam
242 1431 435 1523 sibiparari
448 1431 696 1500 existimarunt?
722 1433 817 1501 [iane
829 1433 902 1500 laus
919 1443 968 1501 est
987 1442 1022 1501 et
1037 1434 1166 1524 gloria,
1193 1433 1256 1502 sihi

137 1537 270 1623 vivere,
300 1535 334 1603 in
358 1556 538 1614 commuue
555 1535 708 1604 inutilem
732 1545 792 1604 aut
812 1536 1061 1627 perniciosum?
1094 1537 1157 1603 sibi
1176 1537 1255 1606 vivo

136 1660 258 1731 parare
280 1637 501 1724 monimenta,
526 1661 614 1727 quae
632 1662 713 1707 mox
728 1649 909 1728 sequutura
929 1647 1020 1706 aetas
1040 1637 1177 1707 doleat?
1201 1639 1255 1707 vi·

136 1742 284 1811 rentium
307 1742 422 1810 oculos
442 1742 477 1808 in
499 1762 535 1807 se
559 1750 771 1826 convertere,
797 1749 946 1810 avertere
967 1741 1085 1810 oculos
1108 1741 1253 1832 posteri-

137 1845 238 1913 tatis?
262 1847 342 1913 Non
352 1843 444 1914 haec
458 1844 544 1910 iusto
560 1843 704 1935 principi
717 1867 811 1912 mens
827 1853 886 1929 est,
901 1845 976 1931 ¹qui
992 1842 1165 1914 hominem
1183 1867 1264 1929 sese,

138 1971 212 2018 esse
233 1950 358 2035 sciens,
391 1946 477 2014 illud
501 1947 651 2016 omnium
673 1945 780 2015 habet
806 1946 1088 2037 antiquissimum,
1120 1969 1254 2018 servare

136 2051 254 2122 officia
275 2050 506 2136 humanitatis,
531 2073 596 2122 nec
616 2059 714 2142 putat
731 2049 863 2143 regiam
884 2051 1084 2142 dignitatem
1103 2050 1254 2119 sustineri

136 2156 181 2224 ab
195 2177 363 2247 seposse,
388 2153 415 2221 si
430 2152 615 2222 humanam
631 2157 767 2227 exuerit.
819 2155 897 2221 Non
915 2154 977 2247 ille
994 2155 1057 2223 sibi
1071 2155 1251 2245 populum,

135 2257 196 2326 scd
211 2281 248 2327 se
265 2257 399 2348 pupulo
416 2257 534 2325 datum
553 2281 622 2326 esse
642 2257 783 2326 iudicat:
809 2257 902 2327 cuius
924 2279 1024 2325 verae
1045 2266 1253 2348 perpetuae·
1296 2339 1298 2342 y

136 2383 203 2450 que
222 2358 356 2430 utilitati
375 2360 546 2446 inservire,
586 2360 622 2428 id
639 2363 783 2429 muneris
805 2360 855 2428 sui
874 2360 1053 2452 pmprium
1076 2383 1147 2429 esse
1171 2382 1253 2441 cen-
1275 2392 1292 2443 χ

135 2472 195 2532 set
245 2465 323 2532 Non
339 2464 400 2550 ill'e
421 2465 521 2531 aliam
545 2466 678 2553 quaerit
695 2465 861 2555 gloriam,
900 2485 1004 2555 quam
1026 2486 1118 2553 quae
1142 2472 1253 2556 parta,
1384 2552 1387 2559 ἱ

85 2558 90 2563 ’
137 2576 350 2661 cornerrata,
384 2576 482 2636 aucta
502 2566 732 2637 incolumitate
755 2567 879 2637 civium
900 2567 1105 2651 continetur,
1130 2588 1253 2657 parum

136 2670 295 2740 sollicitus
315 2670 360 2738 de
381 2671 441 2736 tali
453 2666 663 2761 praeconio,
690 2671 784 2759 quod
804 2669 840 2736 in
860 2670 996 2761 ancipiti
1014 2670 1149 2760 fastigio
1179 2669 1254 2736 col-

136 2773 304 2860 locatum,
329 2794 397 2840 non
421 2773 554 2865 longius
574 2798 595 2841 a
617 2773 717 2860 vitio,
742 2796 846 2863 quam
868 2797 890 2840 a
909 2773 1029 2841 virtute
1049 2774 1158 2854 abest3
1192 2769 1254 2839 sed

137 2886 246 2946 certus
259 2879 329 2947 eius
344 2875 463 2963 laudis,
489 2899 577 2966 quae
592 2878 724 2946 sceleris
742 2900 879 2969 expers,
906 2899 1008 2968 saepe
1022 2876 1129 2960 tarda,
1150 2899 1253 2967 saepe

136 3003 224 3069 sera,
250 2980 401 3049 sednon
419 2979 540 3067 dubia,
573 2981 635 3052 sed
653 2982 850 3050 intemerata
873 2980 994 3052 elucet.
1046 2979 1141 3065 Quid
1164 2980 1263 3047 enim>
1355 3003 1360 3011 “

136 3084 329 3173 aequalium
346 3105 447 3153 voces
467 3093 561 3154 curet
583 3086 629 3169 is,
664 3086 755 3155 cuius
777 3085 870 3155 facta
891 3092 994 3173 atque
1015 3083 1164 3149 instituta
1183 3101 1254 3148 nou
1313 3081 1314 3088 '

135 3189 231 3255 unius
252 3184 428 3252 hominum
452 3185 583 3268 aetatis,
608 3185 669 3252 sed
690 3187 902 3254 saeculorum
918 3184 1168 3251 diuturnitatem
1186 3181 1253 3250 ha-

135 3289 243 3358 bent?
275 3289 334 3376 qui
353 3308 421 3354 nou
445 3286 576 3353 diruere
597 3307 638 3355 ac
663 3285 798 3371 delere,
831 3308 918 3375 quae
940 3285 1069 3377 priores
1085 3285 1252 3355 condide-

134 3401 228 3479 runt,
261 3391 320 3460 sed
347 3412 475 3475 serere,
507 3387 598 3457 unde
623 3391 751 3480 posteri
780 3389 928 3458 fructum
950 3387 1155 3480 percipiant,
1188 3388 1252 3456 sibi

135 3495 298 3566 decorum
321 3492 442 3585 putat?
486 3493 546 3584 qui
569 3492 671 3560 vitam
695 3491 840 3560 hominis
865 3483 933 3560 nou
962 3491 1141 3560 mortalem
1167 3515 1251 3578 esse,

79 3641 81 3645 v
136 3597 196 3667 sed
215 3601 274 3666 ubi
297 3599 371 3687 quis
395 3597 500 3664 semel
518 3604 613 3664 natus
633 3595 691 3681 sit,
718 3596 788 3665 eius
804 3596 896 3667 facta
917 3619 982 3687 per
1003 3617 1103 3664 omne
1119 3618 1250 3684 aevum,

135 3701 203 3770 sive
222 3703 313 3770 bona
337 3702 401 3768 sint
420 3700 488 3768 sive
510 3701 616 3786 mala,
641 3699 778 3792 vigere,
804 3721 868 3768 nec
885 3700 984 3785 boni,
1009 3699 1104 3788 quod
1120 3696 1251 3783 iecerit,

135 3794 255 3890 linem,
288 3826 353 3874 nec
374 3802 459 3871 mali
482 3803 660 3872 terminum
687 3826 759 3871 esse
779 3826 939 3893 usquam,
979 3802 1158 3882 intellexit3
1191 3802 1252 3890 qui

135 3909 229 3993 novit
248 3930 399 3976 severam
421 3929 492 3975 esse
514 3916 549 3975 et
567 3907 795 3998 incorruptam
808 3930 930 3999 regum
941 3904 1087 3974 iudicem
1104 3904 1251 3996 posteri*

134 4017 256 4097 tatem,
297 4035 385 4101 quae
410 4010 494 4078 alios
521 4009 735 4098 memoriae,
767 4012 850 4078 alios
878 4009 1040 4087 oblivioni
1068 4008 1187 4089 tradit3
1218 4016 1254 4076 et
1283 3997 1286 4004 ’

134 4135 221 4204 quos
241 4113 343 4182 tradit
364 4112 565 4198 memoriae,
592 4136 709 4182 eorum
735 4114 817 4181 alios
838 4114 930 4183 clara
947 4112 1025 4182 luce
1046 4111 1253 4183 circumfuu-
1377 4156 1378 4159 =

135 4215 205 4302 dit,
231 4217 374 4290 aliomm
389 4217 577 4306 nominibus
604 4218 762 4286 comitem
784 4216 882 4285 addit
903 4215 1100 4302 horrorem,
1126 4224 1164 4283 ut
1185 4213 1252 4284 ha—

132 4319 246 4410 beant,
261 4321 320 4413 qui
334 4328 527 4412 sequuntur,
540 4341 625 4409 quos
637 4321 856 4409 aemulentur,
872 4327 906 4390 et
920 4341 1005 4413 quos
1017 4314 1261 4394 reformidans
1310 4412 1316 4423 ι
