2826 4904
451 304 940 368 rncelncnrmcvn
1085 272 1088 280 ’
1188 311 1254 375 a1o
1316 368 1319 375 .
1386 250 1393 273 ,

132 479 236 563 beat,
263 477 337 544 fere
354 484 387 545 et
403 476 621 546 intensionem
641 479 844 571 significatus
865 485 899 545 et
925 477 1190 545 imminutionem
1208 480 1253 547 ab

133 605 174 650 se
196 587 368 672 segregat.
420 580 534 664 Quare
555 584 665 650 solum
685 585 841 652 relictum
866 589 916 649 est
938 581 1189 672 praedicatum,
1219 582 1255 649 in

134 707 208 774 quo
235 684 469 754 constituendo
496 683 658 753 facillime
690 687 906 776 pleonasmus
940 685 1143 754 admittatur.
1214 685 1255 752 ln

138 786 266 878 copula
286 785 425 874 quidem
441 809 560 855 vereor
581 797 619 856 nt
640 789 728 857 ullus
746 787 886 856 inveniri
908 786 1121 878 pleonasmus
1144 796 1254 877 queat

137 891 179 958 ln
201 891 372 973 subiecto,
405 897 444 958 ut
466 889 553 975 dixi,
585 914 679 959 rarus
701 902 760 959 est.
810 892 1053 981 Perrulgatum
1079 892 1184 977 illud,
1220 895 1256 962 οἱ

138 989 236 1087 ἀμφὶ
264 985 466 1078 Πλάτωνα,
501 1015 566 1084 pro
590 996 664 1061 solo
691 996 835 1062 Platone
860 994 1006 1079 dictum,
1032 995 1182 1062 cadentis
1208 1004 1256 1060 est

136 1094 294 1186 linguae,
325 1095 481 1163 usitatum
508 1097 694 1167 Plutarcho
718 1108 753 1166 et
780 1096 1005 1167 consimilibus
1028 1097 1255 1188 scriptoribus,

136 1219 207 1266 non
235 1197 492 1286 antiquioribus,
530 1209 569 1267 ut
592 1200 811 1291 Thucydidi,
842 1199 995 1285 Platoni,
1026 1199 1257 1290 Xenophonti,

137 1299 283 1385 nedum,
323 1300 418 1389 qnod
447 1301 588 1390 quidam
615 1305 743 1395 opinati
765 1311 859 1389 sunt,
890 1304 1055 1371 Homero.
1105 1303 1152 1371 Et
1183 1300 1257 1390 quis

136 1425 207 1472 uon
225 1403 360 1488 sentiat,
393 1403 487 1473 hunc
507 1406 761 1496 pleonasmum,
801 1430 904 1495 quem
933 1406 1073 1494 quidam
1098 1408 1198 1473 etiam
1221 1405 1256 1471 in
1311 1414 1316 1420 ’

91 1550 95 1559 ·
136 1514 237 1598 parte
251 1506 439 1597 elegantiae
461 1507 671 1597 habuerunt,
696 1510 798 1579 valde
818 1510 1001 1578 absurdum
1027 1509 1123 1577 esse?
1148 1507 1325 1577 Com-200

136 1609 277 1678 modam
292 1631 374 1678 vero
389 1613 636 1683 excusationem
648 1616 675 1682 is
690 1614 798 1683 habet
812 1616 848 1682 in
863 1614 1014 1680 subiecto
1030 1613 1257 1703 pleonasmus,
1306 1655 1310 1660 -

138 1735 209 1803 quo
227 1715 420 1805 pronomini
435 1726 571 1807 praeter
585 1719 817 1787 necessitatem
839 1715 976 1782 additur
1002 1707 1130 1795 odsdc:
1155 1756 1158 1761 -

266 1844 336 1944 iyoi
361 1847 399 1923 d'
424 1845 588 1945 ἑμαοτόα
605 1855 720 1925 παῖδα
740 1851 804 1950 τῆς
822 1844 928 1948 τύχης
943 1849 1050 1944 nipe.

136 1985 236 2055 initio
256 1987 345 2055 euim
369 1982 480 2070 αὐτος
500 1990 535 2057 in
549 1989 644 2060 hisce
658 1988 912 2081 pronominibus
932 1986 1164 2079 praedicatum
1181 1986 1259 2057 fne-

117 2098 206 2175 rat,
233 2090 329 2178 quod
352 2091 494 2179 deinde,
530 2102 706 2163 extenuata
729 2095 972 2185 significatione
1001 2099 1035 2159 et
1060 2113 1196 2180 prorsus
1213 2090 1259 2158 ad

136 2192 282 2261 nihilum
296 2194 451 2279 redacta,
476 2198 669 2286 pronomini
688 2197 751 2286 ipsi
769 2196 1027 2285 adiungebatur.
1050 2202 1053 2207 '
1080 2193 1139 2260 Sic
1153 2192 1259 2281 pleri-
1296 2229 1299 2232 ⁴

137 2317 207 2385 que
226 2316 358 2380 omnes,
384 2297 536 2385 quivere
558 2308 633 2364 sunt
651 2297 856 2388 pleonasmi,
881 2293 1259 2386 inpraedicatisconsi-

141 2403 252 2480 stunt,
284 2398 498 2486 maximeque
518 2400 554 2467 in
573 2402 796 2486 tenuioribus,
831 2399 926 2490 quod
947 2420 1054 2490 genus
1074 2398 1261 2466 continetur

139 2500 326 2592 particulis.
377 2501 556 2569 Eiusmodi
581 2513 630 2572 est
651 2499 748 2601 ἠῶθι
769 2496 863 2598 πρό,
890 2502 959 2570 sine
979 2501 1198 2591 pleonasmo,
1223 2509 1261 2568 ut

139 2603 292 2688 videtur,
319 2602 450 2673 dictum
470 2605 568 2672 Iliad.
584 2607 644 2674 xl.
670 2601 731 2672 50.
758 2604 881 2696 Odyss.
894 2605 938 2673 V.
959 2602 1046 2672 469.
1064 2603 1126 2671 sed
1152 2605 1260 2672 abun-

139 2705 242 2774 dante
269 2706 439 2796 particula
459 2706 580 2798 Odyss.
601 2708 660 2778 xl.
687 2706 748 2777 36.

269 2837 350 2915 ἀλλ’
374 2841 451 2938 ἄγ’,
471 2839 682 2941 ,ἐπότρυνον
705 2847 846 2941 πατέρα
869 2838 1022 2936 κλυτόν,
1044 2839 1142 2941 ἠῶθι
1161 2839 1235 2943 προ

267 2939 443 3042 ἡμιόνους
464 2946 524 3021 καὶ
544 2947 690 3043 ἅμαξαν
717 2947 922 3046 ἐφοπλίσαι.

137 3077 303 3150 Eiusdem
319 3085 451 3172 generis
474 3093 550 3153 sunt
576 3087 676 3155 etiam
694 3087 813 3176 ἔξοχος
827 3083 943 3159 ἄλλων
959 3093 994 3154 et
1009 3077 1144 3182 κηρόθι
1161 3083 1261 3176 μᾶλ-

136 3187 222 3273 λοα,
250 3183 295 3250 dc
320 3188 440 3273 quibus
461 3188 614 3257 formulis
636 3190 706 3256 dixi
733 3190 779 3256 ad
804 3189 909 3255 Hom.
934 3188 1051 3276 hymn.
1072 3186 1149 3253 Cer.
1174 3184 1261 3252 362.

136 3285 211 3354 Sed
234 3293 272 3354 ut
294 3286 428 3357 alterius
451 3313 588 3380 qnoque
613 3290 746 3383 generis
775 3290 931 3379 exempla
950 3289 1141 3379 proferam,
1167 3287 1263 3375 quod

136 3397 188 3458 est
208 3388 245 3456 in
264 3389 439 3460 iteratione
453 3394 602 3462 eiusdem
620 3380 783 3476 notionis,
809 3393 884 3479 quis
899 3413 967 3459 non
984 3391 1064 3457 trita
1082 3389 1158 3476 illa,
1184 3384 1270 3471 ποέ-,

136 3495 199 3564 λιν
220 3486 330 3572 αὖθις
353 3504 388 3563 et
412 3491 481 3569 ὅθ’
502 3493 630 3570 οὔνεκα
648 3495 703 3588 *),
729 3493 942 3564 meminerit?
993 3492 1082 3561 Tale
1098 3502 1147 3564 est
1161 3492 1262 3561 etiam

136 3591 186 3665 ἄν
203 3620 264 3665 κεν
288 3603 322 3663 et
345 3599 406 3672 αὲα
431 3596 498 3688 οἶα,
525 3599 570 3668 de
594 3603 716 3691 quibus
738 3598 913 3691 particulis
935 3598 1122 3690 expositum
1146 3595 1263 3663 estad
1392 3688 1394 3693 Α

136 3694 323 3787 Orpheum
351 3701 397 3770 de
419 3702 590 3793 lapidibus
610 3725 641 3773 v.
666 3701 754 3788 247,
815 3701 953 3769 Eodem
989 3703 1189 3793 pleonasmo
1218 3695 1264 3778 oie

136 3797 201 3872 οἶα
217 3799 360 3890 dicitur,
387 3806 480 3875 cuius
499 3806 668 3876 formulae
690 3808 802 3896 pauca
825 3805 983 3895 exempla
1003 3804 1110 3870 attulit
1131 3802 1263 3870 Bastius

129 3902 175 3983 ,in
198 3902 343 3994 epistola
366 3909 483 3979 critica
517 3908 833 3980 adBoissonadnm
861 3930 898 3999 p.
917 3906 979 3975 43.
1020 3907 1190 3990 consulto,
1227 3912 1266 3973 nt

120 4106 123 4110 ,
144 4091 348 4114 ...ιη-.-

182 4213 210 4289 *l
239 4210 443 4274 Eximendum
469 4222 516 4272 est
537 4207 709 4285 ὁθούνεκα,
745 4215 830 4295 quod
858 4213 975 4295 primus
1004 4211 1062 4272 nisi
1089 4210 1181 4271 fallor
1201 4210 1263 4271 Lo-

134 4296 267 4359 beokius
279 4294 351 4364 ‘droo
367 4298 454 4364 ἕνεκα
468 4299 634 4363 οοιοιὶἀίῑ.
667 4299 743 4362 Vide
764 4321 834 4363 eum
855 4298 894 4360 ad
913 4297 1028 4380 Phryn.
1048 4318 1079 4380 p.
1094 4298 1167 4364 657.
