2826 4904
287 340 1098 422 rnnvn1sscns1c1sn1ssnnrnr10.
1188 346 1266 424 no,

138 517 255 610 igitur
269 537 417 608 operato
434 537 539 584 worn
558 515 735 584 oedoltus
753 516 903 607 aliisque
920 515 1086 583 ludorum
1098 515 1253 584 scenico-
1398 506 1403 511 ”

137 642 222 688 mem
247 617 440 687 editoribus
463 619 616 703 locaret,
655 620 748 710 ipse,
791 619 887 710 quod
908 641 1081 686 samaram
1109 619 1147 686 ir
1173 627 1254 686 arte

139 723 218 791 eius
237 719 457 806 Ιισόὠσῒυ,
489 723 590 813 egit
613 722 755 789 cantica
780 723 833 790 ad
859 720 1053 805 tilleium,
1087 720 1256 790 erueretis

137 826 214 894 sive
226 824 388 916 dialogis
402 825 517 917 gregi
529 846 593 892 suo
612 825 755 893 relictis.
804 825 884 914 Ipsa
898 826 1000 914 posui
1021 824 1083 892 viri
1102 825 1256 893 celeber-

138 928 216 996 rimi
239 929 364 1011 verba,
403 949 474 1016 quo
497 949 541 995 ne
571 926 713 995 dubium
740 937 829 994 emet
855 927 1055 1011 lectoribus,
1093 927 1254 997 Roscium

138 1033 384 1122 Aesopumqne
404 1031 438 1098 ei
454 1030 543 1098 visin
566 1053 638 1098 eme
662 1028 749 1105 nihil
767 1039 903 1120 praeter
921 1032 1051 1100 cantica
1065 1031 1193 1121 egisse,
1218 1032 1300 1097 etll

138 1131 231 1202 hace
255 1155 393 1221 qnoque
415 1133 609 1224 expressisse
629 1142 760 1200 tanturn
781 1142 900 1225 gestu,
932 1156 1001 1201 non
1020 1133 1257 1224 pronunciasse

139 1246 200 1305 aut
220 1236 390 1306 cecinisse.
440 1238 520 1304 Non
538 1257 676 1322 vereor,
700 1259 743 1303 ne
764 1237 818 1305 cui
833 1234 905 1305 hoc
917 1236 1079 1306 credibile
1092 1235 1257 1320 videntur,

139 1339 336 1431 praesertim
357 1339 568 1423 recordanti,
600 1362 689 1427 quae
724 1338 926 1408 Plutarchus
958 1340 1004 1407 de
1033 1339 1198 1408 Cicerone
1221 1338 1257 1406 iu

140 1443 210 1510 vita
240 1443 310 1510 eius
334 1443 450 1512 sensit
476 1437 642 1534 p.1582.
668 1441 723 1510 ed.
748 1442 871 1533 Stcpln
897 1445 1040 1533 λέγεται
1056 1444 1096 1515 δὲ
1110 1442 1171 1514 nai
1185 1437 1257 1513 ari-

141 1539 205 1625 ·to'c
227 1540 334 1618 οὐδὲν
364 1541 477 1634 ἦττον
500 1538 654 1640 νοσήσας
677 1544 748 1617 τοῦ
775 1546 1037 1640 Δημοσθένους
1067 1539 1158 1640 πρός
1184 1538 1254 1638 τήν

140 1641 345 1739 ὑπόκρισιν,
376 1646 490 1720 τοῦτο
515 1648 584 1740 μὲν
605 1645 765 1740 Ῥωσκίῳ
787 1647 841 1740 τῳ
861 1646 1042 1740 κωμῳδῷ,
1075 1646 1191 1718 τοῦτο
1218 1641 1254 1717 δ’

141 1743 301 1844 Αἰσώπῳ
325 1750 378 1842 τῳ
397 1749 573 1844 τραγῳδῷ
597 1750 780 1840 προςέχειν
802 1747 985 1839 ἐπιμελῶς.
1042 1748 1105 1832 At,
1135 1748 1255 1836 inquis,

141 1850 292 1921 habebat
314 1851 456 1919 fortasse
475 1852 526 1919 vir
546 1848 776 1935 doctissime,
810 1872 898 1939 qnae
926 1872 992 1939 pro
1015 1873 1075 1918 nra
1098 1850 1158 1918 issa
1178 1851 1257 1942 opi-

140 1955 241 2023 nione
263 1954 410 2022 afferret
460 1953 654 2021 Videamus.
705 1952 870 2021 Vtrumne
894 1951 983 2023 haec
998 1952 1169 2023 Ciceronis
1189 1975 1256 2045 pro

141 2056 271 2127 Archia
292 2056 328 2125 8.
354 2056 414 2124 17.
428 2057 506 2149 qais
528 2063 773 2125 nostrumtam
794 2056 913 2125 animo
935 2057 1075 2149 agresti
1096 2080 1142 2126 ac
1165 2057 1257 2133 doro

132 2159 230 2254 filit,
269 2167 309 2226 ut
334 2160 457 2227 Roscii
482 2168 595 2227 morte
620 2180 734 2250 nuper
763 2181 832 2226 aon
853 2155 1156 2227 omnmoueretur?
1197 2159 1281 2251 qui

139 2283 249 2356 quam
271 2269 360 2328 esset
383 2283 492 2329 senex
512 2269 688 2344 mortam,
713 2268 833 2328 tamea
855 2269 1007 2352 propter
1031 2262 1257 2329 excellentem

140 2372 258 2433 artem
282 2385 329 2431 ac
354 2370 570 2431 verumtaten
592 2360 781 2431 videbatur
805 2363 941 2431 omnino
971 2364 1064 2431 mori
1093 2386 1162 2433 aaa
1192 2364 1259 2432 ale-

140 2467 266 2536 lmisse.
323 2465 431 2558 Ergo
460 2466 523 2534 ille
547 2465 706 2556 corporis
731 2473 828 2533 mota
851 2473 989 2534 tautum
1013 2466 1259 2561 amorerosibi

139 2570 351 2640 cmcilimat
372 2593 398 2636 a
415 2566 515 2666 nodis
530 2566 706 2635 omnibns:
734 2589 798 2636 aas
818 2569 1015 2636 animosam
1036 2569 1260 2638 incredibiles

109 2675 112 2681 ’
139 2680 256 2741 emtas
271 2673 557 2764 celeritatemque
577 2671 800 2763 ingeniorum
815 2667 1072 2764 negligemus?
1104 2673 1194 2741 Sane
1212 2674 1260 2739 ita

139 2776 199 2845 hic
211 2775 361 2864 loquitur
376 2774 516 2860 Cicero,
541 2796 582 2843 ac
598 2775 625 2841 si
641 2775 747 2842 omnis
762 2775 878 2844 Roscii
892 2798 944 2842 ars
960 2777 997 2842 in
1019 2776 1092 2842 solo
1108 2776 1260 2869 corporis

140 2890 236 2948 motu
249 2878 358 2970 positu
374 2877 497 2946 fuisset
549 2877 678 2946 Verum
693 2878 767 2966 quis
778 2899 846 2945 non
857 2878 1041 2971 intelligat,
1067 2880 1103 2947 in
1118 2879 1260 2948 histrio-

140 3006 202 3067 ne,
226 2982 424 3072 praesertim
447 2981 475 3048 si
492 3003 576 3070 cum,
593 2991 700 3072 poeta
721 2992 953 3073 comparetur,
979 2992 1115 3074 gestum
1139 2983 1259 3075 magis,
1397 2971 1401 2980 ’

140 3108 245 3175 quarn
262 3085 446 3173 quidquam
464 3084 577 3167 aliud,
612 3085 745 3153 landari
766 3085 946 3153 debuisse?
969 3087 1025 3153 An
1046 3085 1117 3155 hoc
1140 3086 1260 3159 afferet

141 3187 292 3266 eiusdem
309 3186 480 3256 Ciceronis
495 3187 531 3252 in
546 3186 606 3253 111.
624 3187 669 3254 de
686 3194 769 3253 orat.
786 3184 846 3253 26.
868 3187 1160 3278 menumquam
1177 3186 1259 3279 agit

140 3291 234 3359 hanc
246 3312 388 3361 versam
400 3288 552 3357 Roscim
568 3309 609 3356 eo
622 3295 746 3380 gesta,
773 3309 841 3378 qao
856 3295 991 3378 potest,
1114 3378 1119 3389 .

242 3442 358 3514 Nam
378 3443 567 3536 sapiens
590 3439 751 3509 virtuti
770 3439 980 3508 honorem
994 3441 1258 3535 praemium,

678 3542 804 3612 hand
831 3542 1071 3636 praedam,
1099 3544 1232 3638 petit,

139 3700 207 3770 sed
222 3699 345 3770 abiicit
358 3707 528 3795 proreta,
552 3706 592 3767 at
613 3697 649 3766 ia
663 3698 859 3791 prosimos,

237 3853 304 3937 ‚Et
339 3854 450 3947 qaid
487 3852 647 3938 video,
685 3850 823 3944 ferro
863 3858 1019 3941 septas
1051 3850 1261 3944 possidet

677 3955 809 4024 sedes
843 3974 1020 4037 sacras,

140 4091 297 4264 ialeidat,
330 4091 527 4186 adspiciat,
560 4091 777 4178 adoriretur,
813 4097 1001 4185 stupescat.
1066 4087 1164 4184 Quid
1200 4089 1261 4158 ille
1340 4173 1341 4176 Ἴ

143 4203 259 4265 ater:

251 4268 372 4412 Quid
396 4322 556 4410 petam
582 4309 830 4408 praesidi?
