2826 4904
143 265 249 357 'se
546 289 617 351 nn
679 290 976 354 ronsnos

207 487 285 533 nem
295 464 481 534 necessario
494 484 611 534 curare
624 464 726 534 debet
736 465 775 551 is,
799 464 859 553 qui
871 465 1039 533 cantiones
1050 462 1141 549 lacit,
1159 470 1323 555 propter-

207 671 428 759 ohsequntnS,
441 692 542 757 quam
552 672 679 762 regulis
691 670 909 759 quibusdam,
930 694 1017 758 qnae
1029 670 1178 737 omnium
1189 692 1325 739 assensn

208 774 489 863 comprobentur,
511 773 631 843 ductus
642 773 748 842 videri
761 775 863 864 cupit.
901 774 954 841 Ac
966 774 1168 863 plerumque
1181 794 1222 840 eo
1236 794 1322 845 con,-

208 874 279 943 silio
301 885 547 964 componuntur
567 877 752 961 cantiones,
784 887 821 944 ut
841 877 884 943 ab
904 877 1020 963 quovis
1039 875 1176 943 bomine
1195 875 1323 945 cantari

208 986 348 1067 queant:
362 1000 468 1064 eaque
480 980 589 1068 prima
602 979 732 1047 videtur
745 978 845 1046 huius
856 979 1083 1069 proportionis
1096 980 1194 1069 origo
1210 979 1322 1063 fluisse,

208 1103 297 1170 qnae
316 1080 438 1149 deinde
461 1082 561 1149 etiam
579 1081 649 1149 sine
666 1083 757 1150 istius
776 1106 852 1150 usus
865 1082 1069 1172 cogitatione
1084 1092 1175 1149 reete
1189 1103 1230 1149 ac
1247 1081 1323 1149 iure

207 1192 366 1273 usurpata
379 1191 436 1250 est.
487 1185 640 1253 Cernitur
659 1194 770 1252 autem
786 1185 850 1251 ista
862 1184 1044 1272 aequabilis
1056 1185 1232 1274 proportio
1247 1184 1322 1273 pri-

207 1308 301 1354 mum
322 1307 363 1353 ac
380 1287 564 1377 praecipue
583 1288 618 1353 in
636 1285 716 1378 ipsis
736 1288 1012 1378 cogitationibus:
1039 1297 1113 1353 turn
1125 1308 1206 1355 vero
1221 1287 1324 1354 etiam

209 1388 309 1456 arrimi
321 1387 516 1457 affectiones
529 1399 622 1457 certa
633 1391 713 1481 lege
724 1390 953 1458 moderandae
965 1396 1054 1467 sunt;
1075 1389 1233 1456 orationis
1246 1389 1324 1476 qui-

209 1491 290 1560 dam
308 1513 496 1581 congruens
515 1493 643 1581 sibique
657 1502 811 1561 constans
825 1503 959 1560 omatus
972 1492 1184 1559 adhibendus
1197 1492 1323 1558 verbo-

207 1618 350 1683 rumque
367 1596 616 1685 complexiones
634 1595 844 1687 longitudine
863 1619 962 1686 pares
982 1604 1016 1663 et
1033 1596 1182 1684 partibus
1201 1595 1323 1661 similes

207 1697 440 1777 instituendam
466 1699 566 1765 metri
578 1698 722 1787 denique
733 1699 867 1766 libertas
880 1699 1107 1787 systematibus
1123 1697 1323 1781 coercenda,

209 1811 244 1868 et
263 1802 298 1867 in
317 1799 371 1867 his
391 1822 526 1888 quoque
548 1824 606 1884 ea,
632 1825 720 1890 quae
740 1801 847 1891 lyrica
864 1811 971 1869 metra
989 1810 1131 1892 propter
1149 1823 1324 1867 mensurae

209 1903 403 1970 varietatem
416 1902 585 1999 dicuntur,
604 1904 749 1972 vitanda.
788 1905 871 1988 Quis
888 1905 976 1972 enim
992 1904 1047 1970 vel
1056 1903 1232 1972 heroicum
1245 1925 1324 1970 ver-

209 2028 300 2089 sum,
327 2005 354 2071 si
373 2006 461 2072 solus
475 2004 694 2090 adhibeatur,
718 2008 970 2076 incantionibus
986 2006 1087 2090 ferat,
1113 2006 1172 2093 qui
1183 2006 1239 2072 vel
1253 2005 1324 2094 syl-

208 2107 363 2174 labarum
387 2130 544 2192 numero‚
576 2108 632 2175 vel
659 2132 870 2178 caesurarum
896 2108 1159 2176 dissimilitudine
1188 2131 1324 2177 omnem

209 2209 480 2299 aequabilitatem
502 2211 638 2301 respuit.
695 2213 827 2279 Harum
851 2235 962 2280 rerum
981 2210 1130 2279 omnium
1147 2211 1260 2280 nescio
1280 2233 1325 2280 an

207 2335 373 2401 nequeam
386 2314 505 2382 clarius
518 2315 710 2407 eremplnm
721 2337 867 2407 ponere,
883 2338 985 2404 qnam
996 2314 1131 2383 Horatii
1148 2314 1243 2401 illud,
1257 2313 1324 2403 do5

208 2439 272 2485 nec
284 2425 399 2507 gratus
412 2440 503 2484 eram
514 2417 585 2484 tibi.

310 2519 365 2586 Ex
376 2519 433 2605 iis,
459 2543 547 2608 quae
565 2519 727 2589 hactenus
749 2521 794 2588 de
813 2521 1019 2588 cantionibus
1039 2519 1128 2588 dicta
1143 2528 1232 2602 sunt,
1257 2540 1325 2609 pa-

208 2630 273 2707 tet,
299 2643 356 2687 eas
375 2643 589 2708 nequaqnam
606 2623 650 2689 ad
662 2623 769 2711 lyrica
781 2622 927 2689 carmina
940 2621 1056 2688 referri
1071 2643 1190 2711 posse,
1217 2622 1322 2708 quod,

209 2733 370 2811 quantum
391 2721 548 2809 equidem
568 2723 689 2807 sciam,
716 2724 759 2789 ab
779 2724 910 2790 omibus
930 2723 1056 2790 factum
1075 2732 1134 2789 est.
1187 2723 1326 2807 Quaesi

209 2825 389 2892 maximam
406 2832 539 2915 partem
558 2823 684 2911 lyricae
705 2834 795 2908 sunt,
821 2825 857 2893 id
871 2847 911 2893 eo
931 2826 984 2908 fit,
1010 2825 1104 2912 quod
1123 2826 1325 2915 plerumque

209 2926 248 2993 iis
261 2927 408 2993 sensibus
435 2925 616 2995 excitandis
630 2927 848 3012 adhibentur,
885 2929 943 3015 qui
956 2927 1157 3016 quibusdam
1171 2931 1325 2998 occasio-

209 3029 306 3123 nibus
324 3029 446 3113 iterari‚
467 3029 716 3118 multorumque
741 3053 953 3100 communem
973 3032 1179 3120 voluptatem
1201 3053 1325 3099 conso-

210 3132 300 3201 ciare
314 3132 449 3221 possint.
484 3132 630 3222 Epicam
643 3142 754 3200 tamen
768 3134 887 3223 poesin
898 3133 1111 3201 nihilominus
1123 3143 1238 3224 aptam
1254 3158 1325 3203 esse

211 3234 434 3320 cantionibus,
457 3234 584 3305 illustre
604 3236 841 3305 documentum
860 3261 880 3304 e
897 3260 1023 3328 genere
1038 3236 1208 3326 diegetico
1222 3260 1325 3326 prae-

209 3339 291 3406 bent
314 3339 375 3403 illa
395 3338 557 3422 carmina,
584 3362 671 3427 qnae
693 3341 737 3407 ab
760 3341 876 3408 nostris
898 3338 1067 3407 Balladen
1081 3340 1325 3407 etRomanzen

179 3436 193 3481 ·’
210 3440 443 3531 appellantur:
459 3464 522 3510 nec
535 3441 675 3509 deerunt
685 3452 864 3533 poetarum
877 3443 1001 3534 scripta
1013 3441 1240 3511 evolventibus
1250 3443 1324 3511 dia-

210 3542 371 3638 graphici
384 3542 608 3636 didacticique
623 3547 755 3640 generis
768 3546 932 3638 exempla.

740 3755 782 3825 V.

405 3900 528 3964 Divisio
543 3922 676 3985 poeseos
698 3907 731 3966 in
746 3905 891 3988 pulcram
912 3906 943 3963 et
964 3899 1131 3962 sublimem.

312 4058 516 4129 Accedimus
528 4061 574 4129 ad
580 4063 721 4129 alteram
733 4062 863 4129 formae
874 4059 1068 4151 pulcrerrmr
1083 4056 1203 4125 artium
1213 4055 1325 4123 diver-

210 4159 357 4247 sitatem,
382 4186 451 4251 qua
463 4165 568 4233 omnis
581 4164 775 4256 pulcritudo
790 4165 825 4231 in
840 4163 1081 4232 formositatem
1093 4169 1127 4259 et
1140 4160 1326 4226 sublimita-

210 4271 281 4332 tem
305 4264 470 4335 dividitur.
526 4268 581 4340 Ac
608 4291 713 4360 quum
737 4268 970 4375 pulcriurdipis
989 4267 1142 4334 universa
1162 4262 1263 4331 visin
1283 4282 1325 4329 eo
