2826 4904
609 224 625 273 l
844 250 849 269 ι

458 322 508 386 ΙΝ
535 319 722 388 GRAECA
749 320 935 387 ornavi„
1190 327 1254 395 211

136 496 206 593 μέν
229 491 320 618 γάρ,
352 468 466 592 ὥςπερ
486 491 614 587 οὗτοι,
646 524 692 595 τη
679 490 868 591 ’δινέμεν
891 523 936 569 το
928 489 1068 570 πλέον
1094 492 1253 590 πίσυνοι,

136 599 226 699 ἢτῇ
248 591 370 695 γνώμη
394 600 619 695 ἐπέρχονται.
671 600 744 670 Sed
763 600 916 668 nondum
936 597 1019 668 licet
1046 599 1143 668 nobis
1163 600 1255 672 lranc

137 675 274 794 ellipsin
294 700 470 769 dimittere.
530 701 601 770 Cur
627 703 733 790 enim,
765 703 918 793 inquient
943 700 1111 793 ellipsium
1133 703 1254 772 defen-

138 828 247 891 soreS,
274 804 415 876 Graecis
439 804 620 897 eripiamus
639 803 730 877 hanc
747 805 899 899 ellipsin,
931 804 1059 874 Latinis
1083 807 1254 876 conceda-

136 932 231 993 muS‚
265 907 359 997 apud
379 928 465 997 quos
499 930 608 1000 quam
630 909 795 977 eiusmodi
815 919 882 995 est,
907 916 956 992 ut,
981 907 1044 977 nisi
1063 912 1186 1003 magia
1199 911 1325 983 in-188

136 1013 329 1104 telligatur,
370 1033 482 1083 sensus
507 1013 613 1104 longe
639 1012 722 1080 alins
743 1012 881 1082 evadat:
905 1010 1011 1080 veluti
1031 1012 1126 1104 apud
1148 1012 1255 1082 Plau-

135 1122 210 1184 tum
223 1116 259 1184 in
271 1112 429 1183 Rudente
443 1112 503 1183 lv.
520 1112 567 1200 4,
592 1113 655 1183 λθ.

242 1271 283 1320 eo
296 1257 425 1339 tacent,
451 1250 536 1344 quia
555 1250 668 1320 tacita
683 1249 812 1320 multer
823 1269 967 1422 seraperb·
986 1271 1095 1343 φιααι
1113 1249 1257 1346 λαφιαα

969 1360 1081 1423 orum.

134 1491 189 1560 lta
213 1488 355 1585 quidem
374 1489 510 1559 Reizius
537 1489 661 1576 edidit,
686 1512 792 1579 quum
813 1498 911 1558 antea
933 1491 1036 1558 verba
1053 1489 1124 1561 hoc
1137 1490 1257 1560 ordine

136 1590 346 1687 legerentur:
373 1610 412 1664 'eo
432 1600 567 1680 tacent,
594 1594 679 1686 qnia
693 1595 808 1662 tacita
824 1592 949 1662 bonust
963 1592 1092 1661 mulier
1113 1615 1256 1686 uermes·

136 1719 245 1790 quom
267 1696 418 1788 loquens.
478 1696 570 1768 Nolo
590 1697 666 1764 lites
686 1697 732 1764 de
756 1696 827 1765 hoo
850 1717 949 1764 versu
972 1717 1128 1782 movere,
1145 1718 1257 1786 quem

136 1823 214 1870 sane
232 1800 361 1868 mireris
381 1822 451 1867 non
471 1823 543 1868 esse
565 1799 650 1869 sica
674 1799 796 1866 Plauto
820 1797 1001 1904 scriptum:

238 1958 279 2006 eo
297 1942 435 2020 tacent,
461 1935 546 2028 quia
564 1936 679 2005 tacita
698 1934 824 2004 melior
837 1933 967 2004 matter
983 1955 1126 2028 sernper
1148 1957 1258 2028 queam

944 2038 958 2106 l
1028 2061 1097 2107 eus.

135 2139 315 2232 Scripserit
341 2143 446 2232 igitur
474 2115 629 2225 Plantae,
671 2141 784 2208 tacita
819 2139 948 2207 mulier
958 2060 1097 2230 ‘lgm
1115 2140 1259 2231 loquens

134 2240 230 2313 ὀαπα
244 2250 305 2311 est.
356 2244 448 2327 Hoc,
473 2242 638 2331 inquient,
664 2241 725 2307 nisi
746 2238 880 2327 ellipsin
902 2239 1083 2325 adhibeas,
1109 2242 1260 2329 quidest
1290 2305 1295 2319 ,

134 2344 251 2430 aliud,
290 2367 410 2434 quam,
443 2343 538 2432 quod
565 2353 670 2435 poeta
697 2342 810 2409 dicere
832 2341 959 2427 noluit,
999 2344 1113 2412 tacita
1131 2344 1260 2413 mulier

133 2456 211 2517 tam
235 2455 287 2516 eat
311 2445 420 2532 dona,
446 2469 555 2540 quam
584 2446 735 2536 loquens.
794 2443 964 2532 Equidem
999 2444 1046 2512 ad
1073 2445 1163 2516 haec
1190 2470 1259 2516 non

136 2550 289 2621 dubitem
310 2550 534 2642 respondere,
568 2572 672 2639 quum
688 2547 971 2637 frequentissimus
992 2549 1033 2616 sit
1050 2548 1144 2640 apud
1163 2547 1259 2618 Lati-

135 2677 197 2723 nos
219 2653 406 2743 particulae
428 2675 537 2746 quam
568 2673 646 2720 usus
674 2651 709 2718 in
742 2651 995 2740 comparatione
1020 2653 1285 2741 inaequalium,¹

136 2781 178 2826 eo
200 2781 260 2826 usu
285 2758 415 2826 facturn
437 2780 525 2842 esse,
550 2765 588 2825 ut
611 2777 719 2848 φιαπτ
737 2757 839 2822 etiam
858 2754 968 2822 solum
983 2777 1048 2846 per
1070 2779 1106 2824 se
1128 2755 1259 2848 signifi-

137 2870 229 2930 caret
255 2838 395 2952 magis
401 2883 519 2953 quana
578 2859 618 2927 ln
647 2882 749 2948 quam
776 2881 850 2926 rem
874 2868 965 2928 certe
985 2882 1005 2927 e
1030 2858 1166 2929 Graeco
1186 2882 1259 2929 ser-

136 2986 238 3032 mone
260 2963 388 3033 illustre
414 2963 610 3054 exemplum
627 2961 793 3032 habemus
817 2961 1019 3053 particulam
1036 2961 1142 3060 πρὶν,
1170 2985 1259 3053 quae
1366 2965 1380 2994 '

136 3090 241 3157 quum
268 3068 408 3159 proprie
437 3068 485 3138 sic
507 3075 594 3138 esset
615 3065 824 3156 usurpanda,
858 3074 896 3134 ut
917 3065 1003 3161 πρὶν
1027 3063 1051 3160 ἤ
1077 3066 1258 3152 diceretur,

135 3169 315 3260 paullatim
335 3171 474 3239 factum
496 3179 559 3253 est,
600 3177 638 3236 ut
663 3170 747 3265 πρὶν
771 3168 872 3237 etiarn
899 3189 989 3238 nunc
1016 3189 1083 3257 pro
1111 3167 1136 3264 ἦ
1160 3191 1259 3239 usur·

135 3282 295 3364 paretur·

238 3401 289 3471 μη
311 3373 397 3470 πρὶν
420 3376 464 3445 έπ
472 3367 621 3468 ἠέλιον
638 3367 764 3457 δῦναι,
790 3369 851 3440 ναὶ
867 3368 927 3442 ἔπι
949 3367 1081 3464 κνέφας
1095 3373 1231 3463 ἐλθεῖν,

239 3475 326 3575 πρίν
345 3501 394 3568 με
412 3473 635 3573 καταπρηνὲς
647 3473 791 3568 βαλέειν
810 3463 1001 3568 Πριαμοιο
1017 3473 1222 3573 μέλαθρον,

134 3637 224 3685 nunc
242 3636 308 3706 pro
325 3637 408 3710 πριν
425 3608 466 3708 ἤε
1261 3617 1326 3682 189

238 3745 307 3848 τῆν
329 3745 370 3823 δ”
387 3741 457 3845 e'yai
478 3744 523 3822 ου’
547 3740 662 3837 λύσω,
689 3743 776 3843 πρίν
791 3770 858 3841 μιν
875 3745 933 3820 ναὶ
951 3743 1063 3842 γῆρας
1082 3742 1231 3819 έπεισνν.

134 3889 329 3978 Vtrumque
351 3909 487 3978 prorsus
508 3884 632 3952 eodem
652 3883 758 3952 modo
777 3884 816 3951 fit
838 3883 931 3976 apud
949 3905 1010 3951 nos
1028 3881 1063 3949 in
1084 3881 1259 3973 particulis
1290 3905 1292 3908 ·

137 3992 225 4063 cher
245 3992 302 4060 vel
323 3990 406 4075 elce,
432 3998 467 4058 et
488 3987 603 4058 bever.

240 4097 281 4165 ln
312 4093 436 4163 eodem
468 4092 629 4161 adverbio
664 4089 804 4184 μαλλον
836 4089 970 4180 marius
1007 4086 1110 4155 etiarn
1138 4086 1260 4156 erravit

137 4197 373 4288 Leisnerusp.
388 4194 475 4264 tal
495 4193 680 4290 μαλλονη
707 4194 815 4263 omitti
827 4201 968 4282 putans,
993 4191 1053 4258 ubi
1079 4190 1259 4312 positivum

137 4323 263 4371 nomen
282 4300 447 4370 infinitivo
465 4297 631 4389 iungitur,
657 4297 722 4383 sic,
747 4305 786 4366 ut
806 4294 936 4384 aliquid
958 4293 1098 4364 nimium
1119 4317 1192 4365 esse
1205 4294 1260 4364 in·

811 4395 1043 4498 *or
