2826 4904
22 304 27 318 '
77 334 86 348 „
210 286 273 351 154
438 282 495 344 DE
523 281 789 344 ELLIPSlET
808 279 1095 344 PLEONASMO

210 448 447 541 enimomnes,
472 463 509 525 ut
528 457 722 549 logicorum
742 455 1022 545 appellationibus
1042 463 1186 546 utamur,
1213 457 1326 526 eaub-

209 562 318 647 iecto,
344 569 378 628 et
401 560 618 650 praedicato,
644 570 678 629 et
698 559 834 648 copula
885 560 967 626 Esse
989 558 1077 626 enim
1098 559 1203 628 debet
1226 562 1326 631 etde

209 686 279 753 quo
306 663 390 752 quid
424 662 571 750 (licetur,
612 673 646 732 et
667 662 761 752 quod
784 661 829 729 de
859 682 902 730 eo
929 661 1076 746 dicatur,
1121 673 1155 730 et
1177 663 1325 754 denique

209 768 310 836 etiam
332 766 400 837 dici
419 789 457 834 re
475 789 555 834 vera
579 766 708 856 aliquid
731 765 775 832 de
797 764 910 853 aliquo
931 786 1067 833 necesse
1089 775 1145 834 est.
1196 767 1272 835 lam
1300 769 1327 836 si

209 869 417 960 quaerimus,
444 870 527 959 quid
547 870 671 940 horum
692 869 797 960 possit
811 868 934 951 omitti,
960 868 1071 959 prima
1086 892 1121 937 se
1139 867 1243 938 offert
1265 893 1326 942 co-

209 975 302 1064 pula.
355 973 470 1042 Posito
491 975 631 1043 enimet
650 974 694 1043 de
716 994 785 1061 quo
809 971 892 1061 quid
916 971 1148 1061 praedicetur,
1175 980 1209 1040 et
1231 974 1327 1063 quod

210 1077 256 1144 de
281 1077 342 1144 illo
367 1077 599 1168 praedicetur,
631 1077 683 1163 id,
716 1076 811 1166 quod
840 1074 1008 1163 reliquum
1029 1084 1097 1162 est,
1134 1075 1327 1166 praedicari

211 1181 353 1248 alterum
374 1204 453 1249 vere
483 1182 527 1248 de
559 1183 682 1266 altero,
715 1188 836 1270 sponte
863 1178 1070 1269 intelligitur.
1129 1179 1327 1250 Continetur

141 1289 325 1352 lodautem
349 1284 477 1373 copula
495 1285 601 1352 verbo
624 1307 686 1370 eo,
712 1284 807 1372 quod
834 1291 868 1350 et
891 1284 1040 1349 omnium
1055 1284 1239 1352 verborum
1251 1307 1325 1352 ma-

207 1387 296 1454 xime
317 1387 540 1456 necessarium
564 1397 631 1472 est,
664 1396 699 1456 et
720 1384 865 1453 inomni
886 1386 953 1452 alio
973 1387 1080 1454 verbo
1098 1387 1202 1472 latet,
1235 1388 1325 1476 quia,

206 1490 234 1556 si
248 1512 366 1559 verum
382 1490 495 1559 dicere
511 1491 685 1576 volumus,
711 1491 821 1557 solum
837 1498 887 1557 est
901 1490 1062 1573 verbum,
1087 1488 1124 1556 id
1143 1498 1194 1567 est
1207 1491 1324 1576 verbo,

205 1615 275 1681 quo
305 1615 381 1663 esse
408 1594 623 1686 significatur.
684 1594 799 1677 Quare
823 1591 912 1661 haec
939 1593 1148 1661 usitatissima
1176 1594 1324 1663 omniurn

206 1696 332 1790 ellipsis
348 1707 414 1783 est,
440 1720 509 1787 qua
525 1697 595 1767 hoc
609 1700 752 1766 verbum
768 1695 939 1763 omittitur.

362 1830 439 1907 Οὐκ
462 1827 607 1928 α’γαθὸν
630 1831 899 1930 πολυκοιρανίη.
1036 1797 1052 1851 s

204 1968 339 2038 Deinde
356 1971 457 2038 etiam
481 1970 668 2038 subiectum
694 1971 802 2037 omitti
816 1979 947 2060 potest,
973 1968 1044 2056 sed,
1073 1978 1111 2038 ut
1128 1980 1250 2061 sponte
1271 1972 1323 2040 ina

203 2073 387 2163 telligitur,
412 2095 481 2140 non
498 2074 610 2158 aliter,
637 2096 739 2162 quam
757 2096 860 2162 quum
884 2073 928 2140 de
945 2096 987 2141 eo
1009 2094 1119 2140 sermo
1134 2083 1202 2160 est,
1227 2072 1322 2165 quod

204 2186 262 2244 aut
278 2176 404 2264 ubique
425 2177 530 2266 possit
545 2185 579 2245 et
599 2176 635 2243 in
657 2177 749 2244 omni
768 2174 928 2263 sententia
942 2177 1130 2244 subiectum
1150 2200 1240 2264 esse,
1266 2187 1322 2245 aut

203 2279 238 2345 in
273 2288 365 2348 certa
401 2279 549 2375 quadam
574 2303 612 2347 re
644 2281 866 2349 necessarium
892 2281 933 2347 sit
960 2280 1156 2350 subiectum.
1215 2281 1323 2351 Aliter

204 2385 294 2450 enim
327 2405 396 2450 non
425 2392 540 2475 posset
566 2384 747 2475 cognosci,
782 2383 827 2452 de
850 2405 999 2472 quonam
1026 2384 1177 2451 subiecto
1202 2373 1323 2452 'sermo

204 2494 299 2554 esset.
357 2486 455 2572 Hoc,
496 2485 591 2577 quod
616 2488 749 2577 ubique
782 2487 969 2559 subiectum
1004 2509 1075 2556 esse
1105 2495 1239 2579 potest,
1276 2497 1320 2557 est

202 2612 392 2681 pronomen
416 2590 489 2672 τίςι

680 2689 797 2788 ἄνδρα
819 2687 856 2764 δ’
885 2687 1035 2786 ω’φελεῖν
1058 2686 1126 2787 ἀφ’
1151 2688 1202 2771 οἷν

359 2795 436 2891 ἔχοι
447 2820 489 2866 τε
502 2791 561 2864 καὶ
578 2787 728 2867 δύναιτο
736 2848 750 2883 ,
776 2787 964 2885 κάλλιστος
981 2785 1111 2867 πόνων.

682 2893 804 2976 οἱςὲπ’
827 2890 935 2994 ἐξόδῳ
956 2890 1048 2970 κλύω
1082 2908 1084 2914 ’

356 2997 430 3072 τῶν
452 2999 604 3072 ἔνδοθεν
627 2999 839 3096 χωροῦντος.

198 3136 309 3222 lllud,
333 3137 429 3226 quod
444 3137 479 3204 in
499 3145 589 3205 certa
611 3160 649 3204 re
672 3136 895 3206 necessarium
915 3144 965 3207 est
978 3137 1178 3223 subiectum,
1206 3159 1248 3206 ex
1263 3137 1318 3206 illa

198 3266 254 3326 re,
286 3241 371 3332 quid
393 3240 452 3327 sit,
479 3241 641 3332 cognosci
668 3241 786 3326 debet,
817 3250 856 3313 ut
876 3264 981 3331 quum
1007 3237 1065 3313 ὕει
1093 3241 1149 3308 vel
1177 3241 1318 3337 βροντᾷ

200 3345 340 3431 dicitur,
367 3344 463 3434 quod
488 3345 533 3411 de
554 3345 635 3413 love
657 3354 706 3414 est
724 3345 990 3437 intelligendum.
1047 3343 1317 3412 Commemoravi

199 3448 365 3518 eiusmodi
383 3450 557 3538 exempla,
590 3450 625 3517 in
646 3451 768 3537 quibus
788 3449 895 3517 oratio
923 3451 1016 3518 omni
1038 3447 1190 3517 subiecto
1218 3456 1316 3517 caret.

154 3563 157 3570 “
198 3550 271 3620 Sed
295 3560 345 3618 est
365 3551 466 3620 etiam
487 3553 553 3618 alia
575 3553 744 3641 quaedam
762 3555 865 3636 ratio,
892 3574 960 3640 qua
983 3552 1170 3621 subiectum
1182 3561 1316 3620 nonte-

197 3665 274 3723 tumv
289 3654 349 3722 sed
370 3664 522 3745 exparte
539 3656 720 3740 omittitur,
746 3665 784 3722 ut
798 3656 832 3723 in
844 3654 1080 3724 huiuscemodi
1092 3656 1272 3745 exemplu,
1298 3653 1316 3729 ό

197 3752 266 3855 τήν
281 3751 461 3855 κιθάραν,
488 3785 510 3854 η
531 3756 661 3854 αὔριον
670 3813 684 3847 ,
710 3751 757 3830 τό
774 3752 1017 3855 ἐμβατήριονε
1044 3780 1191 3847 quorum
1206 3759 1315 3831 similis

199 3871 249 3929 est
269 3860 374 3947 ratio,
412 3872 450 3929 ut
474 3862 628 3947 illorum,
669 3862 845 3951 inquibus
879 3862 1067 3930 subiectum
1093 3865 1317 3932 necessarium

198 3965 368 4032 omittitur.
420 3966 509 4033 Nam
530 3966 609 4054 quia
632 3966 743 4057 posita
770 3965 1014 4054 descriptione,
1049 3965 1158 4054 qualis
1181 3964 1232 4034 ¹est
1250 3959 1316 4063 τήν

133 4061 383 4163 Ιιιῖκκθνῖραν,
416 4066 565 4163 αὔριον,
600 4061 847 4162 ἐμβατήρκον,
881 4070 937 4138 vix
958 4078 1072 4160 potest
1100 4069 1196 4136 aliud
1216 4069 1316 4159 quid-

198 4194 301 4258 quam
321 4170 366 4238 ad
393 4170 596 4262 explendam
620 4173 817 4239 sententiam
842 4172 1051 4258 desiderari,
1077 4194 1182 4261 quam
1211 4175 1315 4264 ἔχων,

104 4305 110 4360 2
198 4271 315 4371 ἡμέρα
325 4326 351 4361 ,-
374 4277 502 4366 μέλος,
536 4272 626 4343 haec
655 4275 786 4362 omnia,
828 4286 866 4345 ut
900 4300 987 4367 quae
1012 4298 1112 4346 nemo
1137 4299 1208 4346 non
1228 4284 1316 4371 ,esset
