2826 4904
48 326 52 331 '
135 337 222 403 rso
358 334 416 396 ur
444 331 739 396 raruenrms
766 329 1044 408 vavsnrn

158 507 194 574 in
214 504 366 573 omnibus
390 505 511 596 linguis
535 505 611 572 satis
638 505 777 574 licenter
799 504 964 573 dominari
983 503 1088 589 solet,
1120 525 1190 572 non
1217 511 1267 573 est

158 618 288 693 tamen,
325 608 419 695 quod
439 608 624 697 quidquam
651 609 686 674 in
704 606 775 676 hoc
799 631 925 700 genere
952 617 1022 675 tam
1045 615 1172 675 temere
1192 607 1267 676 lieri

160 711 398 796 existimemus,
433 720 470 778 ut
494 734 562 778 non
586 709 631 777 ad
660 733 789 778 sensum
817 707 944 800 aliquid
974 710 1119 796 intersit,
1152 713 1202 779 sio
1223 733 1266 778 an

159 816 257 882 aliter
274 814 424 900 loquare.
477 814 574 898 Quae
597 813 784 880 discrimina
803 814 1000 904 investigare
1022 821 1121 901 atque
1148 815 1266 903 expla-

158 940 258 1001 nare,
283 914 353 985 hoc
375 916 550 1007 philologi
567 916 716 983 officium
732 925 789 985 est.
839 918 947 985 Aliter
959 917 1047 984 enim
1062 915 1266 984 dubiarsem-

158 1041 222 1111 per
243 1027 342 1106 atque
366 1020 495 1088 incerta
517 1029 665 1087 maneret
684 1019 877 1109 linguarum
896 1019 1065 1109 cognitio,
1097 1041 1209 1107 neque
1231 1019 1265 1086 in

158 1131 251 1189 tanta
272 1131 420 1190 veterum
444 1124 606 1190 librorum
635 1123 848 1212 corruptione
883 1122 959 1191 sciri
978 1128 1111 1212 posset,
1143 1132 1265 1206 utrum,

160 1248 248 1315 quae
270 1248 345 1292 rara
363 1233 456 1309 sunt,
488 1225 721 1313 scriptoribus,
760 1248 802 1291 an
823 1225 961 1292 librariis
981 1224 1139 1314 imputari
1159 1224 1266 1293 debe-

159 1337 251 1396 rent:
268 1327 427 1415 quodque
440 1349 605 1394 summum
615 1337 673 1412 est,
688 1327 894 1418 corrigendis
907 1327 1070 1420 genuinis,
1082 1327 1267 1418 probandis

159 1431 325 1520 corruptis
344 1431 570 1520 interpretatio
589 1454 610 1496 a
626 1451 706 1498 vero
720 1453 815 1497 seusu
830 1452 1071 1520 saepenumero
1086 1431 1267 1502 aberraret.

160 1532 274 1617 Quare
293 1533 327 1600 in
342 1532 526 1600 iudicandis
545 1533 681 1600 istormn
702 1535 999 1622 grammaticorum
1018 1534 1210 1624 praeceptis
1222 1533 1267 1600 ita

158 1635 415 1726 procedendum
437 1646 502 1718 est,
527 1644 582 1718 ut,
608 1637 635 1702 si
652 1658 732 1702 vera
745 1644 836 1719 suut,
862 1637 947 1702 ratio
960 1635 1138 1720 reddatur,
1164 1658 1268 1724 quare

135 1740 223 1810 esim
246 1761 342 1816 rera3
366 1738 391 1804 si
413 1738 498 1804 falsa
519 1747 608 1814 sunt,
643 1736 852 1821 ostendatur,
876 1762 956 1805 vera
979 1761 1049 1806 csse
1068 1760 1138 1805 non
1154 1761 1268 1830 posse;

160 1841 291 1908 siveris
312 1841 396 1906 falsa
419 1840 565 1907 admixta
583 1840 725 1925 babent,
758 1850 899 1927 utraque
920 1840 1143 1910 diiudicentur
1166 1864 1267 1911 accu-

159 1952 298 2029 rateque
333 1942 586 2031 distinguantur.
653 1944 707 2011 Ex
741 1943 878 2036 singulis
907 1945 1085 2035 generibus
1113 1945 1281 2037 exempla*

158 2043 327 2135 quaedam
355 2044 504 2114 afferam.

700 2286 729 2353 I.

260 2457 372 2546 Atque
392 2463 428 2522 ut
449 2454 492 2522 ab
511 2453 565 2523 his
584 2455 714 2542 ordiar,
740 2478 827 2544 quae
843 2475 922 2523 vera
936 2451 1076 2544 quidem
1090 2463 1184 2543 sunt,
1209 2453 1266 2524 sed

157 2561 219 2629 nisi
246 2562 332 2628 ratio
361 2560 484 2626 idonea
504 2557 682 2648 reddatur,
724 2582 789 2649 pro
820 2560 904 2627 veris
938 2558 1058 2627 haberi
1088 2567 1265 2648 nequeunt,

158 2662 257 2731 huius
285 2664 417 2754 generis
442 2661 572 2753 insigne
601 2663 793 2752 exemplum
821 2662 986 2753 praebent
1009 2685 1067 2746 ea,
1107 2685 1196 2751 quae
1225 2662 1265 2729 de

158 2768 402 2836 constructione
415 2765 601 2854 particulae
617 2759 669 2860 μή
686 2765 720 2831 in
732 2765 877 2834 vetando
894 2765 1161 2857 praecipiuntur:
1181 2764 1264 2848 vide,

159 2879 196 2935 ut
214 2869 296 2934 alios
318 2876 545 2958 praeteream,
570 2867 738 2936 Koenium
757 2877 791 2935 et
810 2867 1034 2937 Schaelerum
1054 2868 1100 2935 ad
1122 2869 1263 2960 Gregor.

158 2971 239 3041 Cor.
259 2992 294 3059 p.
319 2968 377 3038 15.
400 2993 439 3035 ss.
509 2971 597 3035 Nam
621 2972 675 3040 oui
698 2971 835 3037 tandem
858 2993 927 3039 non
953 2973 1076 3041 mirum
1104 2970 1264 3053 videatm,

93 3124 100 3135 ,
159 3073 327 3157 GraeeoS,
373 3071 583 3159 maximeque
617 3074 765 3158 Atticos,
812 3074 848 3141 in
887 3075 1032 3156 vetando
1067 3073 1265 3165 particulam

157 3177 254 3244 istam
279 3199 356 3246 cum
383 3174 582 3264 imperativo
610 3176 789 3265 praesentis
818 3184 876 3245 aut
903 3177 1115 3247 coniunctivo
1147 3175 1265 3261 aoristi,

158 3303 227 3348 non
247 3281 364 3365 etiam,
394 3278 456 3346 uisi
478 3279 660 3364 rarissime,
687 3301 765 3348 cum
787 3280 898 3346 aoristi
921 3281 1136 3372 imperativo,
1170 3301 1265 3348 num-

157 3406 262 3473 quam
285 3394 397 3450 autem
423 3405 499 3451 cum
519 3383 701 3473 praesentis
724 3383 934 3451 coniunctivo
955 3382 1172 3453 construere?
1196 3383 1267 3451 Ra-

52 3537 56 3541 .
157 3487 284 3553 tionem
302 3486 401 3553 huius
429 3508 505 3552 usus
528 3487 586 3573 qui
608 3486 810 3570 reddiderit,
846 3509 913 3577 ego
937 3487 1075 3575 quidem
1102 3486 1268 3555 neminem

157 3589 245 3658 novi.
298 3589 511 3676 Quamquam
525 3611 651 3678 nuper,
678 3598 767 3658 certe
788 3590 874 3656 inter
885 3612 1041 3680 praesens
1058 3597 1160 3679 atque
1179 3589 1268 3657 aori·

157 3702 261 3777 stum,
287 3693 508 3759 Buttmannus
528 3691 654 3779 aliquid
668 3692 862 3760 discriminis
883 3695 1004 3760 statuit.
1053 3694 1143 3760 Nam
1164 3713 1269 3781 quum

158 3817 225 3887 ego
249 3796 284 3862 in
307 3818 445 3863 censura
467 3795 707 3885 grammaticae
740 3795 877 3885 abipso
898 3796 1009 3863 editae
1028 3795 1079 3885 (in
1095 3795 1191 3868 Diar.
1207 3794 1269 3861 litt

156 3899 249 3990 Lips.
277 3895 387 3965 1806.
414 3921 458 3965 m.
481 3897 583 3963 Mart.
602 3920 634 3964 n.
655 3896 715 3965 39.
741 3921 776 3988 p.
800 3896 903 3988 tlt.)
931 3899 1082 3968 Graecos
1105 3896 1270 3966 ostendis-

158 4025 229 4069 sem
248 4001 484 4091 imperativum
502 4001 684 4090 praesentis
705 4001 749 4069 de
772 4023 831 4085 eo,
858 4001 953 4090 quod
974 4000 1184 4090 aliquamdiu
1204 3999 1271 4069 du-

156 4112 255 4188 raret,
282 4104 395 4171 aoristi
411 4103 455 4170 de
471 4105 523 4186 eo,
551 4094 644 4191 quod
659 4105 726 4172 cito
742 4105 972 4195 perficeretur,
998 4126 1172 4195 usurpare,
1185 4125 1273 4195 pro-

156 4206 249 4274 barit
269 4203 328 4274 ille
348 4208 438 4296 hanc
462 4204 705 4274 distinctionem
719 4207 753 4272 in
774 4217 892 4295 quarta
907 4211 1090 4297 quintaque
1112 4207 1274 4292 editione,

157 4308 237 4396 sed,
261 4309 355 4398 quod
376 4311 504 4379 factum
518 4310 662 4398 nollem,
688 4310 736 4379 sic
750 4309 944 4403 simpliciter
958 4312 1059 4383 etiam
1075 4311 1121 4380 ad
1134 4310 1276 4382 retalldi
