2826 4904
474 316 522 376 ιιι
542 309 736 378 ‘curret
764 315 949 379 nrncvr
1067 306 1073 324 “
1207 322 1271 387 ιιι

153 497 209 572 ut,
235 487 296 556 ubi
312 488 452 555 omissae
466 488 649 573 videantur,
674 514 727 560 res
742 491 838 559 aliter
849 511 984 580 prorsus
998 487 1144 558 describi
1159 491 1270 558 eristi-

154 591 281 659 manda
302 592 353 657 sit.
403 592 563 683 Longum
584 593 673 660 foret
693 602 728 660 et
746 596 886 685 plenum
898 592 1000 659 taedii
1014 614 1117 681 opus,
1143 592 1188 662 de
1201 597 1269 662 sin-

154 695 245 787 gulis
265 694 488 762 locutionibus
517 696 702 764 secundum
718 698 870 765 ordinem
888 695 1152 785 particularum,
1177 707 1215 764 ut
1235 698 1270 763 in
1385 756 1391 765 .

154 797 250 868 Bosii
270 796 358 864 libro
378 798 506 867 factum
528 809 593 881 est,
626 799 797 868 disserere.
836 799 977 883 'Quare
1001 799 1142 883 faciam,
1175 798 1270 888 quod

155 924 259 992 supra
304 901 388 969 feci:
440 900 606 990 quidquid
653 900 711 971 hic
762 901 1002 993 corrigendum
1041 901 1190 986 videtur,
1224 901 1270 969 ad

154 1003 324 1092 quaedam
363 1005 478 1093 capita
521 1007 707 1088 revocabo,
762 1005 913 1075 iudicatis
959 1025 1109 1071 errorum
1164 1004 1268 1072 fonti-

153 1109 228 1175 bus.
283 1109 337 1178 Ac
387 1109 499 1196 primo
548 1107 731 1177 dicendum
765 1117 815 1178 est
862 1107 907 1174 de
951 1107 1266 1198 praepositionibus,

153 1211 262 1298 iisque
290 1208 470 1295 adverbiis,
506 1233 593 1299 quae
643 1233 757 1279 casum
804 1211 950 1298 aliquem
996 1219 1128 1301 regunt.
1179 1212 1268 1291 Nam

154 1312 245 1382 haec
267 1334 402 1402 quoqne
422 1313 687 1404 praepositiones
706 1313 921 1382 existimanda
941 1322 1016 1380 sunt
1032 1336 1119 1393 esse,
1145 1315 1336 1401 quem-184

153 1415 341 1485 admodum
355 1417 632 1507 ,praepositiones
661 1439 793 1501 omnm,
835 1415 930 1505 quod
963 1418 1039 1484 satis
1067 1417 1269 1487 Homericus

153 1540 264 1587 sermo
287 1521 415 1610 arguit,
440 1521 531 1587 initio
554 1519 715 1587 adverbia
734 1520 840 1587 fuere.
898 1520 961 1587 Est
984 1528 1096 1586 autem
1116 1521 1151 1585 in
1164 1542 1266 1610 prae-

150 1623 357 1713 positionum
377 1623 488 1714 ellipsi
512 1623 710 1691 assumenda
734 1623 863 1713 duplex
888 1622 1032 1689 maxime
1057 1643 1150 1689 error
1171 1643 1269 1690 conr-

151 1725 285 1805 missus;
322 1749 404 1793 unus
425 1726 520 1815 quod
541 1726 693 1794 conlusio
713 1726 774 1793 illa
795 1725 1000 1793 diversarum
1019 1724 1227 1792 locutionum
1248 1749 1269 1792 a

151 1828 323 1920 plerisque
341 1829 500 1920 neglecta
515 1838 582 1909 est3
607 1829 708 1912 alter,
734 1827 829 1915 quod
845 1850 913 1894 non
927 1836 975 1894 est
989 1826 1266 1913 animadversum,

152 1954 194 1999 cx
211 1930 277 2001 hac
291 1931 364 2022 ipsa
374 1932 596 2022 permixtione
610 1931 788 2021 paullatim
802 1932 930 1999 casibus
944 1930 1146 2020 quibusdam
1162 1933 1267 2023 signi-

150 2035 323 2102 ficationes
341 2036 504 2125 quasdam
531 2034 740 2119 adhaesisse,
766 2058 853 2123 quae
868 2033 991 2102 deinde
1005 2035 1102 2101 latius
1121 2035 1265 2119 extendi,

148 2146 251 2226 atque
272 2139 359 2224 alio,
384 2134 575 2230 quamquo
597 2139 737 2229 proprie
759 2137 966 2222 debuissent,
990 2136 1161 2203 transferri
1184 2159 1267 2209 coe-

188 2242 269 2309 rint.
962 2266 965 2272 ·

144 2263 188 2334 Pe
255 2340 326 2408 Sed
351 2349 388 2408 ut
411 2341 530 2409 ordine
547 2361 588 2407 ac
602 2341 656 2408 via
673 2340 841 2430 procedat
853 2339 944 2418 haec,
956 2340 1155 2430 disputatio,
1181 2340 1267 2429 quid

146 2445 288 2515 tandem
309 2444 372 2511 sibi
399 2445 518 2512 volunt
548 2443 615 2528 illi,
649 2445 707 2532 qui
728 2444 861 2533 ellipsin
889 2444 1179 2534 praepositionum
1202 2443 1267 2509 ad-

132 2547 307 2619 ·mittunt?
341 2548 430 2614 Nam
451 2547 542 2615 unde
562 2549 680 2633 sciunt,
705 2547 861 2614 omissam
878 2568 948 2614 esse
957 2545 1268 2638 praepositionem?

149 2653 183 2721 E
208 2673 288 2721 casu
307 2651 466 2736 nominis,
506 2650 676 2738 inquiunt,
712 2652 770 2738 qui
792 2674 834 2717 ea
856 2650 1105 2741 praepositione
1128 2650 1267 2742 regitur.

149 2753 283 2822 Audio:
308 2753 369 2821 sed
391 2753 474 2843 quid
495 2752 566 2822 hoc
591 2764 658 2836 est,
685 2752 780 2841 quod
798 2754 874 2844 regi
891 2752 1037 2822 vocant?
1060 2753 1161 2839 Hoc,
1188 2753 1266 2844 opi-

150 2877 230 2941 nor,
258 2856 393 2941 dicunt,
419 2857 660 2947 praepositioni
672 2856 806 2940 deberi,
832 2856 926 2945 quod
948 2856 1022 2940 hic,
1048 2880 1159 2946 neque
1180 2857 1265 2923 alius

151 2982 248 3030 casus
262 2958 484 3033 adhibeatur..
522 2961 571 3028 At
583 2961 618 3026 in
631 2983 672 3027 ea
687 2982 725 3026 re
742 2959 961 3027 vehementer
978 2959 1149 3027 falluntur.
1175 2960 1265 3027 Nam

116 3071 119 3077 ’
150 3063 177 3130 si
196 3062 243 3128 ita
267 3070 366 3146 esset,
400 3063 458 3151 qni
477 3062 615 3130 tandem
639 3063 712 3130 lieri
736 3072 869 3152 posset,
905 3073 942 3129 ut
961 3086 1028 3129 una
1056 3062 1263 3153 praepositio

150 3165 301 3233 diversos
329 3186 424 3233 casus
444 3164 601 3254 regeret?
625 3165 668 3231 ld
685 3165 811 3232 scilicet
825 3189 844 3233 e
860 3166 990 3232 diverso
1007 3165 1264 3256 praepositionis

149 3268 340 3357 significatu
361 3277 526 3358 repetunt
593 3267 658 3350 At,
691 3268 849 3350 obsecro,
881 3268 1028 3354 quisquis
1048 3268 1095 3333 ita
1123 3265 1263 3348 iudicas,
1320 3290 1325 3295 ·

149 3392 212 3440 cur
227 3380 264 3437 tu
282 3370 427 3438 diversas
442 3370 518 3436 istas
531 3367 788 3460 significationes
804 3368 1056 3458 praepositioni,
1081 3390 1169 3456 quae
1186 3369 1265 3435 ubi-

148 3495 217 3562 que
240 3472 360 3540 eadem
382 3482 446 3557 est,
471 3472 657 3562 imputare,
682 3493 818 3558 quame
835 3493 914 3539 casu
934 3472 1098 3557 nominis,
1124 3472 1183 3560 qui
1197 3493 1263 3561 pro

147 3575 204 3644 his
229 3575 523 3668 significationibus
540 3575 622 3642 alius
642 3583 743 3662 atque
767 3575 850 3641 alins
873 3583 938 3658 est,
964 3574 1114 3644 derivare
1128 3574 1264 3643 mavis?

147 3680 239 3746 Nam
260 3680 342 3769 qnid
364 3678 597 3770 respondebis,
624 3679 651 3745 si
672 3678 744 3766 quis
762 3677 988 3770 sigrdlicatum
1006 3676 1263 3769 praepositionis

148 3806 169 3848 a
184 3802 264 3850 casu
283 3783 442 3868 nominis,
468 3783 526 3871 qui
546 3783 579 3850 ei
600 3780 780 3849 adiunctus
798 3791 863 3866 est,
889 3782 963 3873 regi
989 3780 1103 3850 dicat?
1154 3778 1259 3863 Quod
1267 3779 1330 3845 lat

147 3883 307 3975 profecto
326 3886 434 3953 multo
453 3884 691 3957 consideratius
712 3883 890 3951 diceretur.
956 3885 1044 3950 Nam
1072 3883 1130 3970 qui
1149 3890 1264 3971 potest

148 3987 287 4056 omnino
308 3988 402 4074 fieri,
435 3998 474 4056 ut
495 3982 702 4078 praepositio
731 3996 823 4055 certa
845 3986 993 4074 quadam
1018 3986 1263 4076 significatione

146 4099 278 4160 certum
301 4113 414 4161 casum
435 4098 551 4181 regat,
587 4090 649 4157 nisi
679 4089 714 4156 in
746 4090 808 4156 illo
838 4091 913 4179 ipso
941 4112 1020 4158 casu
1053 4087 1178 4176 aliquid
1210 4089 1263 4171 sit,

145 4194 242 4282 quod
271 4194 316 4264 ad
337 4194 427 4263 hanc
445 4192 741 4285 sigrdlicationem,
766 4217 836 4261 non
858 4191 903 4260 ad
917 4192 1017 4260 ubam
1032 4190 1121 4258 trahi
1133 4191 1264 4282 possit?

145 4296 253 4381 Quod
273 4297 357 4388 quid
381 4308 431 4368 est
456 4295 565 4383 aliud,
596 4318 698 4387 quam
720 4296 1001 4388 significationem
1026 4318 1101 4364 eam
1125 4297 1161 4364 in
1182 4317 1262 4365 casu
