2826 4904
200 302 266 369 218
439 299 497 362 DE
518 297 705 362 ELLIPSI
725 298 784 360 ΕΤ
803 298 1092 363 PLEONASMO

301 472 357 543 Ac
388 472 540 543 videmus
570 495 648 544 cum
675 470 938 541 dissimilitudine
960 468 1108 560 quadam
1137 469 1323 540 maximam

135 576 391 668 loopleonasmi
415 586 516 668 atque
540 577 697 667 ellipseos
726 599 796 655 csse
828 575 1090 654 similitudinem3
1128 572 1324 642 similitudi-

200 703 279 749 nem
294 702 356 766 eo,
381 681 502 769 quod
492 703 527 749 ιιι
538 681 734 771 pleonasmo
746 679 912 770 pleraque
929 677 1094 747 contraria
1105 685 1191 762 sunt,
1214 701 1324 766 quam

201 784 236 853 in
266 784 393 874 ellipsi;
423 784 743 868 dissimilitudinem,
784 783 879 871 quod
903 803 972 850 non
999 779 1122 848 omnia.
1179 781 1324 870 Ellipsis

201 887 291 956 enim
311 910 416 976 quum
439 911 507 956 non
528 887 632 980 possit
654 909 772 956 eorum
793 910 883 971 esse,
915 908 1003 975 quae
1026 892 1146 974 sponte
1174 883 1323 976 intelligi

201 998 386 1079 nequeant,
418 999 572 1083 apertum
606 998 674 1076 est,
710 1013 798 1075 esse,
830 1012 929 1078 quae
946 988 1142 1058 necessitate
1169 987 1321 1075 quadam

203 1095 247 1162 ab
284 1117 425 1163 numero
466 1095 632 1187 ellipsium
674 1092 907 1164 excludantur:
945 1092 1162 1183 pleonasmus
1195 1100 1319 1176 autem,

203 1196 298 1285 qnod
321 1197 491 1289 superflua
509 1220 640 1267 sensum
665 1219 705 1264 ex
727 1197 878 1265 oratione
894 1217 963 1263 non
982 1195 1117 1279 tollunt,
1142 1215 1213 1261 non
1228 1195 1320 1284 pati-

203 1308 258 1367 tur
278 1309 348 1369 tam
371 1301 469 1370 certis
493 1325 530 1369 se
550 1301 673 1368 finibus
696 1300 932 1369 circumscribi.
983 1299 1102 1386 ltaque
1120 1297 1182 1365 etsi
1200 1297 1318 1364 utrius-

205 1425 291 1491 que,
318 1411 353 1471 et
377 1405 537 1494 ellipseos
554 1412 587 1471 et
607 1404 795 1495 pleonasmi
809 1427 887 1473 usus
907 1403 943 1469 in
964 1423 1098 1490 quaque
1119 1400 1240 1491 lingna
1262 1422 1318 1467 ex-

203 1506 387 1597 perientiae
411 1515 476 1593 est,
513 1516 626 1574 tamen
653 1505 737 1595 quid
757 1507 896 1574 nonsit
928 1504 1071 1596 ellipsis,
1108 1502 1318 1582 necessitate

205 1608 289 1699 quid
307 1631 376 1677 non
397 1610 438 1678 sit
456 1609 686 1701 pleonasmus,
714 1630 773 1694 eo,
799 1609 894 1698 quod
911 1618 1029 1702 aptum
1048 1607 1246 1696 ineptumve
1262 1613 1316 1689 est,

204 1712 370 1780 definitur.
421 1714 476 1783 Ac
491 1713 650 1798 vidimus,
676 1712 807 1802 ellipsin
822 1721 857 1781 ct
874 1714 1020 1802 copulae
1036 1732 1107 1777 esse
1122 1719 1158 1777 et
1168 1708 1315 1792 subiecti,

52 1844 73 1874 r
204 1838 274 1884 non
289 1817 388 1884 etiam
406 1816 612 1906 praedicati,
635 1814 698 1883 nisi
724 1816 789 1902 sic,
814 1824 853 1884 ut
873 1817 943 1884 eius
956 1816 1069 1904 aliqua
1084 1834 1165 1903 pars
1185 1812 1316 1879 omitta-

204 1927 268 1986 tur.
321 1917 442 1988 Omitti
461 1918 549 1987 enim
566 1927 723 2009 possunt,
748 1942 836 2007 quae
856 1920 1000 1987 maxime
1024 1916 1212 1984 necessaria
1235 1922 1317 1999 sunt,

205 2021 285 2111 quia
306 2022 353 2089 ob
372 2020 410 2088 id
428 2024 541 2112 ipsum
564 2030 683 2112 sponte
698 2022 945 2113 intelliguntur:
970 2019 1064 2111 quod
1079 2027 1199 2089 contra
1213 2016 1317 2085 minus

205 2124 408 2210 necessaria,
441 2125 469 2192 si
487 2127 623 2211 ¹absunt,
648 2147 717 2192 non
742 2125 990 2217 intelliguntur,
1016 2123 1097 2213 quia
1116 2145 1160 2190 ne
1186 2121 1317 2189 deside·

204 2236 319 2295 rantur
350 2228 498 2317 quidem.
557 2227 814 2321 Propemodum
840 2228 1006 2298 contraria
1031 2225 1126 2294 ratio.
1146 2233 1198 2293 est
1220 2224 1318 2315 pleo-

204 2334 320 2401 nasmi.
372 2332 587 2422 Quamquam
607 2333 696 2401 enim
709 2355 774 2423 per
787 2356 822 2401 se
836 2332 922 2400 nihil
937 2339 1006 2415 est,
1032 2328 1128 2418 quod
1150 2328 1317 2397 abundare

191 2443 367 2526 nequeat,
391 2445 521 2521 tamen,
545 2437 704 2524 quoniam
722 2437 935 2525 pleonasmus
957 2441 1006 2502 est
1024 2431 1170 2502 adiectio
1193 2450 1317 2514 eorum,

205 2562 294 2628 quae
320 2562 363 2607 ne
388 2542 579 2632 cogitantur
598 2539 754 2629 quidem,
784 2547 1043 2608 consentaneum
1071 2545 1137 2621 est,
1173 2558 1253 2603 emn
1277 2534 1316 2600 ab

204 2642 258 2710 his
289 2643 459 2733 partibus,
492 2666 580 2732 quae
606 2643 750 2712 maxime
772 2651 846 2711 sunt
866 2639 1088 2724 necessariae,
1119 2639 1319 2727 plerumque

205 2746 342 2831 abesse,
373 2745 468 2834 quod
492 2745 555 2814 has
578 2756 705 2838 partes,
738 2754 776 2813 ut
795 2769 881 2834 quae
898 2744 1044 2811 maxime
1056 2744 1243 2827 emineant
1268 2742 1318 2808 in-

205 2847 282 2916 utili
301 2847 530 2917 additamento
549 2850 680 2918 onerari
702 2870 771 2916 non
790 2848 960 2928 couvenit3
982 2848 1017 2914 in
1030 2846 1080 2914 iis
1090 2855 1204 2913 autem
1215 2844 1318 2933 parti·

206 2951 270 3018 bus
292 2950 525 3040 frequentius
515 2954 671 3039 inveniri,
697 2945 784 3039 quae
807 2952 902 3041 quod
917 2949 1133 3019 secundariae
1147 2956 1240 3033 sunt,
1267 2946 1319 3014 fa·

139 3056 204 3123 199
211 3053 305 3124 cilius
325 3053 558 3140 delitescit,
534 3077 561 3122 ει
582 3055 665 3144 quid
686 3055 786 3122 alieni
805 3055 958 3122 additum
971 3062 1029 3123 est
1079 3053 1237 3141 Eamque
1249 3071 1320 3118 rem

207 3157 385 3228 coufirmat
410 3158 512 3227 etiam
533 3159 633 3253 origo
658 3157 856 3278 pleonasmi.
908 3160 996 3229 Nam
1019 3155 1078 3245 qui
1102 3178 1182 3223 vere
1203 3153 1319 3223 dicen-

207 3262 270 3331 dus
294 3272 346 3330 est
370 3263 602 3354 pleonasmus,
642 3262 712 3330 eius
732 3262 801 3332 duo
823 3271 912 3346 sunt,
944 3284 1008 3332 nec
1036 3259 1152 3349 plures
1179 3267 1320 3327 numero

206 3367 328 3433 fontes.
377 3368 514 3435 Etenim
536 3375 593 3435 aut
617 3364 747 3436 locutio
764 3368 811 3436 sic
825 3366 933 3435 multo
947 3387 1007 3431 usu
1019 3357 1116 3446 trita,
1142 3368 1180 3429 ut
1194 3357 1321 3450 aliquid

206 3469 253 3536 de
277 3469 417 3562 propria
432 3493 491 3538 sua
507 3472 542 3538 vi
560 3470 724 3555 amiserit,
751 3470 796 3537 ad
814 3470 936 3536 alienas
955 3491 1009 3536 res
1027 3463 1241 3549 transfertur,
1267 3467 1322 3529 aut

205 3572 334 3640 iteratio
357 3572 470 3661 aliqua
494 3573 643 3641 eiusdem
670 3573 832 3660 notionis,
859 3571 904 3638 ad
923 3570 990 3638 vim
1009 3568 1167 3636 orationis
1189 3588 1320 3658 augen-

206 3676 287 3744 dam
304 3678 456 3762 inventa,
488 3699 576 3764 quae
598 3699 674 3743 eam
695 3676 762 3743 vim
785 3698 848 3743 usu
871 3675 1050 3765 paullatim
1073 3670 1249 3762 deposuit,
1276 3666 1322 3735 ibi

206 3789 403 3869 usurpatur,
428 3780 487 3847 ubi
502 3779 596 3846 nulla
611 3781 644 3848 vi
665 3800 750 3870 opus
766 3788 824 3848 est.
875 3779 1039 3847 Neutrum
1059 3776 1127 3842 tale
1143 3784 1204 3860 est,
1229 3768 1324 3862 quod

206 3884 310 3952 facile
330 3883 363 3951 in
384 3883 545 3978 copulam
570 3884 685 3951 autin
707 3884 893 3952 subiectum
917 3880 1042 3951 cadere
1069 3878 1191 3969 possitss⁴
1252 3875 1324 3945 Oo-

175 4038 181 4047 .
206 3988 324 4076 pulam
345 3983 451 4070 enim,
476 3996 514 4054 ut
528 4008 616 4074 quae
635 3986 671 4077 in
694 3987 786 4054 omni
806 3985 1037 4055 enunciatione
1058 3980 1243 4050 necessaria
1264 3986 1324 4062 est,

208 4099 242 4156 et
263 4091 310 4158 ob
331 4090 579 4180 simplicitatem
599 4074 766 4174 notionis,
793 4099 827 4157 et
849 4088 944 4177 quod
964 4108 1098 4176 semper
1119 4085 1242 4152 eadem
1266 4090 1326 4166 est,

207 4194 404 4283 pleonasmo
427 4216 541 4263 carere
555 4191 698 4261 decet
715 4193 911 4262 Subiectum
940 4199 1054 4260 autem
1075 4210 1217 4279 perraro
1237 4186 1327 4256 reci-

207 4296 258 4386 pit
278 4297 529 4388 pleonasmum,
554 4297 635 4388 quia
652 4319 733 4370 cum
749 4305 879 4369 certum
899 4320 943 4368 ac
963 4293 1141 4363 definitum
1166 4315 1241 4362 esse
1264 4290 1329 4359 de-
