2826 4904
292 288 348 348 DE
371 287 589 350 GRAECAE
610 288 824 351 LINGVAE
845 288 1047 355 ulnnuca
1081 293 1107 350 S.
1194 295 1256 357 141

143 463 257 550 aliquo
278 460 312 530 in
329 462 481 552 margine
502 461 685 554 adscriptas
708 473 811 554 puto,
833 485 914 552 ¹quo
933 463 961 531 is
979 465 1164 548 rationem,
1189 487 1256 553 qua

142 586 307 655 personae
332 565 541 634 consociatae
566 576 675 652 erant,
713 590 816 657 quam
855 565 1057 639 brevissime.
1082 567 1255 652 indicaret.

142 667 248 751 Quod
267 666 344 733 satis
370 677 441 735 erat
466 669 633 757 inprime
660 669 802 760 stropha
822 669 949 761 fecisse.
1008 671 1065 738 Ab
1094 670 1255 760 imperitis

143 769 267 845 deinde
286 768 353 835 hae
376 770 525 860 syllabae
538 771 678 840 insertae
693 783 769 842 sunt
781 772 890 841 verbis
904 770 1080 840 Athenaei.
1106 772 1257 857 „Gallias

140 873 188 939 ita
210 895 371 963 personas
400 873 632 960 coniunxerat,
658 884 714 961 ut
739 874 887 966 singulas
918 873 1074 965 strophas
1106 877 1256 966 singulae

141 975 369 1045 Consonantes
400 984 486 1044 totas
518 986 692 1062 canerent,
730 976 952 1047 accinentibus
980 977 1097 1044 ordine
1118 979 1257 1070 singulis

142 1079 335 1147 Vocalibus.
400 1079 515 1148 Veluti
537 1081 565 1148 si
588 1079 749 1170 strophae
769 1089 934 1169 eseptem
949 1080 1098 1148 versibus
1123 1091 1256 1175 consta-

145 1183 240 1269 bant,
269 1181 414 1271 primam
439 1181 614 1272 stropham
643 1193 748 1251 totam
780 1185 922 1251 canebat
948 1183 1052 1266 Beta‚
1086 1182 1254 1275 imprimo
1354 1256 1356 1261 ,

143 1292 256 1351 autem
271 1305 368 1352 versu
383 1284 558 1352 accinebat
574 1285 704 1375 Alphe,
719 1285 909 1354 insecundo
924 1285 967 1370 E,
983 1286 1126 1368 etsiein
1139 1287 1255 1378 singu-

141 1386 183 1453 lis
197 1387 343 1455 versibus
368 1388 516 1475 reliquae
531 1389 685 1457 Vocales
719 1388 819 1458 Hanc
840 1389 1004 1456 rationem
1022 1388 1167 1457 imitatus
1185 1399 1256 1458 erat

141 1487 318 1557 inMedea
333 1489 553 1580 Euripides:
561 1490 605 1558 de
630 1514 700 1580 quo
722 1514 810 1579 quae
829 1490 889 1561 hio
915 1492 1030 1560 scribit
1049 1490 1254 1611 Athenaeus,

140 1592 209 1658 alio
226 1591 375 1661 eiusdem
400 1594 568 1683 scriptoris
585 1595 664 1663 loco
686 1595 907 1677 illustrantur,
933 1594 992 1680 qui
1005 1595 1083 1660 est'
1073 1617 1108 1660 ια
1126 1596 1255 1685 princi-

140 1695 200 1784 pio
221 1694 300 1763 libri
323 1696 472 1784 septimi,
504 1697 563 1764 ubi
585 1696 681 1765 ha
719 1697 864 1778 --41rtde
890 1691 1078 1764 Clearcho·
1104 1697 1251 1793 ααιγαρ

139 1797 338 1869 Kolla'uu‘
323 1823 396 1869 ισ
433 1805 464 1873 εἴ
481 1826 547 1870 τον
569 1795 718 1896 ’Attrse
716 1836 770 1881 ,1
788 1825 1044 1894 operabamur
1062 1805 1253 1889 constabat

138 1899 366 1994 τραγῳδίαν,
402 1897 469 1996 αφ’
494 1897 534 1997 ἧς
556 1902 707 1999 ποιῆσαι
728 1929 777 1973 τα
801 1903 892 1998 μέλη
913 1899 974 1972 καὶ
995 1928 1062 2022 την
1084 1895 1253 1978 διάθεσιν

138 1997 392 2100 Εὕριαίδηα’
374 2030 412 2077 ev
443 2002 610 2101 Μηδείᾳ,
659 2002 719 2076 καὶ
745 2005 939 2098 Σοφοκλέα
965 2032 1032 2077 τοα
1065 2003 1157 2077 Οἰδί
1165 2031 1253 2088 ‘pov

136 2103 326 2194 Vtrumque
339 2104 506 2173 Athenaei
524 2108 639 2175 locum
653 2108 875 2177 consideranti
889 2128 958 2173 non
978 2114 1094 2195 potest
1114 2106 1253 2174 dubium

137 2228 229 2290 esse,
264 2207 309 2273 de
332 2207 410 2273 solis
432 2206 544 2275 choris
549 2206 652 2298 agi,
676 2209 734 2295 qui
754 2207 849 2296 quod
871 2208 1030 2297 primaria
1054 2208 1253 2298 tragoediae

134 2330 217 2399 pars
231 2305 462 2391 habebantur,
487 2302 736 2402 τήαΜήδειαα
751 2308 872 2380 πᾶσαν
889 2309 1002 2377 dicere
1016 2310 1127 2398 potuit
1141 2309 1252 2378 Athe·
1267 2348 1273 2362 ι

137 2432 251 2477 naeus.
301 2411 343 2478 ln
364 2409 417 2476 his
440 2408 553 2478 choris
574 2412 681 2508 μέλη,
710 2411 754 2478 de
775 2411 894 2499 quibus
914 2411 1056 2480 iudicari
1076 2433 1165 2480 nunc
1184 2435 1253 2479 non

138 2521 269 2604 potest,
304 2524 338 2580 et
362 2506 549 2598 διάθεσιν,
575 2536 663 2599 quae
684 2524 733 2581 est
753 2535 971 2604 personarum
994 2515 1253 2605 descriptio,a

138 2615 250 2684 Callia
271 2615 451 2704 Euripides
474 2624 642 2683 sumserat.
694 2617 748 2685 Ea
765 2639 983 2706 personarum
1006 2619 1204 2708 descriptio,
1226 2618 1255 2684 si

137 2718 223 2786 fides
238 2728 286 2785 est
300 2718 530 2803 Athenaeo,
520 2743 556 2785 m
568 2719 721 2788 omnibus
736 2718 834 2790 chori
847 2721 1055 2806 carminibuS,
1081 2745 1167 2811 quae
1179 2728 1254 2788 aunt

138 2822 174 2888 in
192 2819 337 2905 Medea,
363 2823 408 2889 ad
423 2821 553 2891 Calliae
567 2823 759 2912 exemplum
776 2824 866 2891 facta
881 2847 952 2892 esse
967 2823 1095 2893 debuit.
1147 2823 1252 2907 Qfod

137 2923 276 3012 quidem
296 2924 369 2991 fieri
388 2926 536 3014 potuisse
556 2948 624 2993 non
644 2926 782 3016 negabi⁴
804 2925 883 3014 -qui
909 2927 1109 3017 Euripidem
1128 2927 1253 2996 choros

138 3028 174 3093 in
193 3029 382 3094 universum
398 3028 536 3116 quidem
548 3029 599 3095 ed
613 3027 747 3096 'Calliae
766 3019 946 3116 nagnam,
972 3031 1051 3116 sed,
1075 3031 1124 3099 uti
1148 3030 1252 3100 dece-

138 3131 216 3214 bat,
266 3131 335 3197 aliis
371 3131 406 3197 in
441 3131 527 3199 locis
560 3131 658 3198 aliter
690 3131 917 3200 conformasse
948 3135 1011 3200 sibi
1039 3133 1251 3223 persuaserit.

139 3232 354 3320 Quamquam
376 3234 411 3299 in
426 3233 561 3324 singulis
579 3234 663 3303 locis
676 3232 766 3301 hanc
780 3235 997 3301 imitationem
1012 3237 1143 3324 aperire
1157 3234 1251 3300 diffi-

138 3335 205 3404 cile
227 3344 285 3404 est.
336 3335 450 3403 Vnum
468 3344 580 3402 tamen
594 3336 628 3400 in
646 3335 775 3402 Medea
795 3357 930 3404 carmen
953 3345 1001 3402 est
1015 3335 1131 3421 chori,
1156 3335 1252 3425 quod

137 3459 206 3506 nou
235 3440 344 3508 solum
372 3438 616 3530 percommode
644 3437 689 3505 ad
722 3437 850 3522 Calliae
878 3439 1069 3528 exemplum
1098 3439 1251 3508 constitui

136 3549 267 3631 potest,
293 3542 478 3610 sedetiam
504 3542 566 3608 ista
590 3563 807 3631 personarum
828 3541 1052 3632 descriptione
1081 3544 1188 3610 multo
1211 3543 1251 3608 fit

135 3645 385 3734 praestabilius,
421 3668 526 3733 quum
547 3645 697 3735 personis
717 3646 765 3712 ita
782 3667 846 3734 per
868 3645 956 3715 vices
972 3647 1041 3712 ista
1063 3645 1249 3724 dicentibus

136 3746 245 3815 maius
265 3747 362 3818 chori
383 3748 547 3834 studium,
572 3749 747 3836 maiorque
768 3756 880 3816 motus
899 3749 1098 3820 declaretur.
1151 3749 1249 3821 Stro-

135 3849 261 3941 pham,
287 3861 440 3940 quaeest
460 3875 480 3918 a
501 3850 633 3918 vlle
656 3850 853 3920 adscribam.
1225 3877 1227 3879 ’

238 3955 315 4027 BA
336 3952 460 4042 ”Αιες,
488 3982 514 4026 ω
503 3949 609 4049 Ζεῦ
629 3955 689 4028 καὶ
710 3983 757 4046 γα
743 3953 839 4026 καὶ
855 3981 948 4048 φας,

343 4049 471 4144 ιάχαα,
498 4063 580 4128 οἵαν
601 4084 626 4128 α
617 4050 823 4137 δύστανος

338 4151 627 4253 μέλπειαύμφας

239 4260 312 4330 ΒΕ.
339 4259 393 4342 τίς
407 4257 465 4334 σοι’
484 4287 576 4334 ποτε
590 4260 655 4343 ταῖς
668 4256 854 4338 ἀπλάστου
