2826 4904
272 303 464 368 Pnostu
488 304 548 367 ΕΤ
575 305 820 368 POETICAE
850 304 1125 372 ORATIONIS.
1159 307 1163 313 ’
1209 309 1254 373 97

242 450 412 548 secundo'
420 477 499 545 loco
523 477 569 546 de
593 479 838 571 significatione
861 480 1043 548 verbomm
1071 477 1254 547 dicendum
1262 483 1305 544 lt

136 590 197 650 est.
248 581 356 648 Huius
372 581 461 648 duae
485 590 561 648 sunt
572 582 722 670 formae,
748 608 816 652 una
831 583 992 674 simplex,
1018 583 1124 655 altera
1147 592 1254 648 nans·

134 685 223 768 lata,
249 707 352 773 quam
380 693 503 754 vocant
531 686 708 775 tropicam
768 688 920 775 Vtraque
942 695 977 753 et
997 685 1032 752 in
1050 707 1153 775 prosa
1176 707 1255 752 ora-

135 789 230 856 tione
253 796 289 853 et
311 788 348 854 in
369 788 468 878 poesi
486 797 683 878 usurpatur,
714 788 774 857 sed
797 791 985 880 simplicem
1014 796 1127 856 tamen
1149 789 1254 871 illam,

136 891 217 980 quia
240 889 286 957 ad
309 890 538 980 cognitionem
560 913 674 958 rerum
697 892 1126 975 accommodatissimam,
1151 914 1255 982 prae-

137 995 240 1085 cipue
261 991 306 1058 ad
326 1015 464 1084 prosam
488 994 673 1062 orationem
694 996 881 1086 pertinere,
905 995 1072 1084 tropicam
1093 1002 1205 1062 autem
1220 994 1255 1059 in

136 1097 236 1188 poesi
253 1097 349 1183 quasi
362 1095 571 1164 domicilium
588 1097 717 1165 habere
739 1121 836 1165 suum
859 1099 1075 1186 inpromptu
1091 1106 1149 1168 est.
1200 1097 1255 1164 Ac

140 1201 184 1268 de
205 1199 266 1266 illa
287 1199 425 1286 quidem
441 1199 568 1295 forma,
594 1224 697 1289 quam
710 1201 896 1291 simplicem
915 1201 1072 1285 dicimuS‚
1098 1198 1185 1267 nihil
1207 1208 1256 1265 est

137 1302 234 1392 quod
250 1301 309 1370 hic
326 1301 522 1392 disputetur.
575 1303 673 1388 Quae
695 1305 754 1372 ubi
767 1306 801 1370 in
818 1306 915 1395 poesi
930 1314 1124 1394 usurpatur,
1150 1303 1255 1369 verba

137 1429 207 1475 non
223 1415 342 1495 suapte
356 1405 504 1494 quadam
516 1406 569 1491 ri,
583 1406 657 1474 ‘sed
672 1409 716 1474 ob
737 1409 932 1475 sententiam
953 1430 1041 1496 quae
1064 1407 1097 1473 in
1112 1405 1151 1472 iis
1171 1405 1256 1471 inest

138 1509 276 1601 poetica
289 1517 373 1576 sunt.
423 1509 562 1600 Tropos
582 1532 664 1578 vero
687 1510 879 1601 diligentius
901 1509 1113 1580 considerare
1128 1530 1255 1598 operae

137 1612 285 1704 pretinm
299 1620 357 1678 est.
408 1612 463 1683 Ac
483 1622 599 1703 tropos
623 1614 670 1680 ita
691 1613 853 1698 dicimus,
879 1622 916 1679 ut
934 1633 1181 1702 quemcumque
1201 1610 1255 1674 in-

138 1715 330 1809 telligamus
345 1718 526 1809 verborum
540 1740 653 1799 usum,
680 1717 739 1804 qui
753 1740 773 1782 a
789 1716 932 1806 simplici
946 1725 980 1785 et
990 1714 1132 1781 naturali
1150 1713 1256 1803 signi-

106 1892 112 1901 ,
139 1819 296 1887 ficatione
318 1817 457 1888 recedit
517 1820 606 1886 Nam
631 1818 689 1906 qui
715 1829 833 1909 tropos
855 1841 896 1888 eo
926 1843 947 1886 a
979 1818 1096 1909 figuris
1117 1815 1256 1884 differre

137 1929 273 2012 putant,
308 1920 403 2008 quod
422 1921 514 2011 tropi
537 1922 745 2014 singulorum
772 1923 970 2006 verborum,
1009 1922 1141 2012 figurae
1170 1940 1255 1988 con-

139 2025 328 2092 iunctorum
350 2024 430 2108 sint,
463 2047 532 2092 non
568 2028 672 2116 plane
704 2049 822 2093 verum
857 2027 1012 2095 videntur
1044 2023 1251 2110 consequuti.

137 2126 274 2196 Etenim
293 2128 425 2194 nullum
444 2138 492 2195 est
510 2131 667 2211 verbum,
700 2128 795 2215 quod
813 2139 924 2196 utrum
947 2127 1113 2216 tropicam
1128 2148 1171 2191 an
1187 2145 1255 2190 non

136 2229 307 2316 tropicam
327 2229 604 2317 significationem
616 2231 760 2310 habeat,
787 2230 884 2296 aliter
905 2228 1011 2318 possis
1033 2250 1135 2315 quam
1158 2247 1255 2294 com·

136 2328 315 2423 paratione
342 2329 595 2397 coniunctorum
618 2330 863 2398 vocabulorum
895 2330 1096 2421 intelligere.
1170 2330 1256 2398 Sunt

138 2443 252 2503 autem
275 2441 452 2522 troporum
468 2451 595 2522 genera
616 2441 783 2553 quattuor.

240 2535 393 2603 Primum
420 2556 527 2624 genus
556 2535 601 2602 ad
630 2537 760 2602 numeri
801 2534 1079 2627 significationem
1115 2540 1255 2623 spectat,

136 2640 274 2726 eiusque
310 2648 378 2706 tres
400 2637 532 2748 formae
562 2649 653 2707 sunt.
701 2639 841 2730 plmalis
870 2661 1026 2706 numerus
1051 2637 1255 2730 singularem

139 2742 373 2834 significans,

241 2836 497 2938 aovdgvtdvy’
512 2846 658 2939 ἔκπωμα
669 2900 682 2935 ,
711 2839 965 2944 φλαυρούργου
992 2870 1091 2924 τινος

242 2941 442 3043 τεχνήματ’
469 2944 614 3042 culpor:

140 3049 314 3141 singularis
339 3051 508 3139 pluralem
530 3052 695 3134 indicans,

241 3151 445 3244 Phrygium
462 3161 501 3220 ut
522 3177 643 3221 neonus
659 3155 765 3222 citato
785 3152 915 3244 cupide
932 3149 1030 3241 pede
1043 3148 1179 3239 tetigit.-
1219 3154 1225 3177 '

137 3255 277 3347 plmalis
298 3256 519 3346 singularem,
552 3258 718 3345 simulque
740 3255 917 3347 singularis
946 3252 1115 3343 pluralem
1146 3250 1255 3318 deno-

136 3372 230 3443 tans,

347 3461 405 3533 καὶ
427 3452 575 3557 Σκύθης
596 3457 737 3554 ὅμιλος,
773 3487 808 3531 οι
830 3459 893 3552 γᾶς

348 3565 501 3692 ἔσχατον
520 3558 636 3660 πόρον
661 3590 757 3660 αμφι
785 3563 903 3634 Μαι-

267 3701 270 3706 ·
345 3667 433 3738 ῶτιν
450 3668 571 3756 έχουσι
586 3665 727 3758 λιἫμτατ

248 3769 442 3838 Secundum
458 3792 563 3860 genus
588 3779 763 3859 troporum
780 3769 905 3859 gradus
920 3766 1125 3834 notationem
1138 3763 1255 3830 habet.

136 3872 247 3941 Huius
274 3895 409 3962 quoque
433 3883 498 3941 tres
519 3874 650 3939 formae
671 3882 760 3950 sunt3
794 3873 921 3961 prima,
955 3870 1129 3936 imminuto
1151 3865 1256 3956 signi-

137 3976 303 4044 ficationis
328 3974 481 4066 pondere
514 3976 676 4042 maiorem
709 3974 854 4065 gradum
881 3973 1047 4055 indicano,
1088 3968 1182 4056 quod
1210 3977 1258 4042 est

136 4079 173 4147 in
198 4078 447 4145 deminutivis”
426 4102 486 4161 ns,
513 4101 602 4165 quae
624 4087 784 4145 vocantur
805 4067 1085 4170 ὑποκοριστικα·
1071 4127 1083 4162 ,
1110 4071 1257 4142 secunda

119 4181 251 4253 ,forma
266 4184 432 4296 minorem
446 4179 593 4274 gradum
616 4191 713 4247 aucta
733 4180 975 4270 significatione
995 4184 1129 4244 notans:

512 4282 688 4351 maximus
707 4283 834 4361 Atlas,

191 4385 317 4457 Hunur.
344 4385 410 4462 ΟΡ.
437 4388 464 4457 Ι.
668 4394 681 4441 ·'
808 4416 812 4423 ¹
1015 4381 1052 4451 G
