2826 4904
519 308 706 373 GRAECA
735 311 922 375 nuova
1175 317 1240 382 1²9

73 474 82 489 ’
124 483 231 553 tentia
244 481 424 554 abstinens:
448 485 509 554 sed
523 483 574 571 bi,
599 508 745 575 quorum
756 486 816 554 ille
830 485 936 554 rerba
949 486 1082 575 attulit,
1106 488 1240 561 Brunc-

122 588 202 657 liius
219 597 255 654 et
274 587 462 674 Porsonus‚
487 611 557 657 non
572 600 649 657 ante
667 589 713 657 ad
731 612 826 658 suam
846 612 903 656 me
916 592 1112 659 sententiam
1120 592 1241 661 tradu-

124 700 222 774 cent,
248 713 352 779 quam
365 692 425 760 ubi
438 693 576 761 alicuius
590 694 708 760 saltem
730 693 985 783 praepositionis
997 695 1129 785 ellipsin
1142 698 1242 763 certis

123 794 330 886 argumentis
345 795 607 862 demonstratam
630 796 760 863 videro.
811 795 1027 864 contendunt
1043 799 1096 865 illi
1111 821 1176 889 per
1190 800 1242 866 el-

123 897 226 988 lipsin
244 898 500 991 praepositionis
518 898 721 990 Euripidem
741 897 860 968 dixisse
879 899 916 967 iu
941 897 1064 970 Oreste
1090 924 1122 970 v.
1152 899 1239 970 491.

122 999 180 1074 ed.
208 1000 304 1068 Pors.

278 1136 419 1236 πληγεὶς
438 1130 624 1237 θυγατρός
639 1136 704 1236 τῆς
723 1136 809 1235 ἐμῆς
828 1133 920 1236 ὑπὲρ
938 1132 1048 1236 κάρα,
1246 1153 1310 1217 143

125 1280 160 1343 ct
180 1274 217 1346 in
233 1273 373 1345 Electra
392 1298 425 1344 v.
442 1273 529 1343 123.

279 1417 397 1485 seium
425 1410 490 1493 σοῖς
521 1406 657 1502 σέλὸχσυ
682 1409 852 1507 σφαγείς,

278 1515 462 1609 Αἰγίσθου
485 1511 538 1606 τ’,
561 1509 808 1609 Ἀγάμεμνον.

125 1649 284 1736 Quorum
301 1651 458 1722 locorum
477 1676 583 1744 quum
606 1660 725 1720 neuter
748 1651 834 1719 mihi
861 1673 958 1720 sanus
985 1674 1058 1721 esse
1078 1650 1244 1739 videatur,

123 1755 277 1846 priorem
295 1757 397 1823 etiam
412 1757 459 1825 ob
472 1758 594 1824 mirum
606 1755 694 1822 illud
708 1776 896 1844 pammque
911 1763 1029 1845 aptum
1044 1750 1135 1850 ὑπὲρ
1148 1749 1244 1850 κάρα

124 1868 320 1949 suspectum
339 1857 465 1929 habeo.
524 1858 604 1943 Quo
630 1858 739 1926 minus
760 1856 900 1944 dubito,
926 1857 1007 1946 quin
1028 1857 1245 1928 scribendum

123 1959 183 2029 sit:

280 2061 419 2165 πληγεὶς
438 2057 624 2163 θυγατρδς
646 2061 711 2162 τῆς
734 2061 821 2157 ἐμῆς
841 2058 931 2136 ainai
954 2055 1068 2161 νσῖρα,Ι

145 2173 159 2231 l

122 2186 178 2250 e,
281 2271 400 2339 κεῖσαι
423 2267 486 2347 σοῖς
513 2261 648 2356 ἀλόχου
672 2270 846 2360 σφαγαῖς,

283 2367 472 2462 Αἰγίσθου
494 2363 533 2442 τ’
555 2361 792 2461 Ἀγάμεμνον
810 2367 859 2453 *).

229 2500 302 2572 Sed
323 2514 476 2573 revertor
500 2503 545 2572 ad
566 2504 674 2590 illud,
701 2496 836 2599 χρυσᾶν
852 2496 1126 2599 Ἀλεξάνδροιοτ
1158 2524 1247 2593 quae

124 2607 231 2679 rerba
249 2631 355 2696 quum
368 2631 437 2675 non
448 2609 554 2676 modo
568 2631 685 2676 aurum
703 2607 908 2698 significent,
939 2606 1034 2694 quod
1051 2606 1248 2698 possidebat

126 2710 338 2796 Alexander,
363 2712 425 2779 sed
447 2713 548 2779 etiam
566 2711 673 2796 illud,
699 2710 794 2798 quod
815 2731 1031 2798 quocumque
1052 2711 1121 2778 alio
1139 2711 1245 2779 modo

127 2814 425 2883 ad'Alerandrum
445 2817 638 2905 spectabat,
670 2814 774 2884 facile
800 2824 850 2881 est
868 2814 1076 2904 intelligere,
1109 2815 1168 2903 qui
1191 2813 1246 2882 fa-

127 2926 219 2986 ctum
239 2918 298 3002 sit,
323 2926 362 2984 ut
385 2919 485 2986 etiam
509 2941 645 3003 aurum,
672 2916 768 3006 quod
791 2938 857 3007 pro
879 2917 1075 2984 Alexandro
1098 2916 1246 3004 daretur,

126 3019 173 3086 ita
195 3021 363 3111 appellari
381 3031 506 3112 posset.
556 3023 699 3090 Restant
719 3019 835 3088 adhuc
855 3019 889 3086 ln
909 3020 1100 3088 Homericis
1124 3021 1248 3088 carmi-

126 3122 224 3192 nibus
241 3133 334 3195 ccrta
350 3123 450 3193 huius
460 3124 740 3216 interpretationis
755 3123 912 3213 vestigia:
938 3131 976 3191 ut
989 3123 1088 3190 Iliad.
1115 3123 1143 3191 Ι.
1159 3121 1246 3192 111.

281 3256 402 3334 οὕνεκ’
422 3254 491 3352 ἐγοῖ
505 3255 632 3356 κούρης
644 3262 841 3356 Βρισηΐδος
855 3253 964 3351 ἀγλά’
978 3255 1117 3330 ἄποινα

281 3359 345 3436 οὐν
367 3365 496 3438 ἔθελον
519 3364 705 3445 δέξασθαι.

126 3463 170 3536 V.
197 3459 284 3532 265.

282 3567 346 3663 τῆς
364 3560 507 3663 γάρτοι
523 3565 661 3662 γενεῆς.
688 3560 728 3662 ἧς
746 3566 849 3660 Τρωΐ·
859 3589 928 3663 περ
953 3558 1114 3665 εὐρύοπα
1131 3557 1237 3644 Ζευς·

282 3667 387 3761 δῶχ’,
416 3668 493 3750 υἷος
514 3663 644 3768 ποινήν
660 3661 905 3764 Γανυμήδεος.
1305 3668 1309 3677 ’

125 3773 220 3844 XIII.
234 3767 322 3840 659.

280 3867 391 3970 ποινή
405 3869 442 3946 δ’
455 3870 555 3956 οὔτις
577 3863 707 3954 nosrta
724 3867 884 3966 ἐγίγνετο
899 3868 1115 3969 τεθνηῶτος.

168 4213 200 4294 *)
222 4212 321 4275 Hodie
342 4232 403 4273 non
425 4211 525 4272 ausim
536 4210 684 4272 librorum
698 4208 878 4289 scripturam
895 4208 928 4269 in
948 4205 997 4270 bis
1017 4206 1094 4269 locis
1116 4214 1243 4272 mutare.

125 4297 205 4362 Vide
226 4320 304 4382 quae
323 4300 363 4362 ad
379 4308 542 4380 utrumque
563 4296 719 4360 adnotavit
738 4293 893 4357 Matthiae.

954 4379 1048 4451 Ma
