2826 4904
406 343 464 404 DE
493 344 777 407 PRONOMINE
807 351 977 416 Aaron.
1191 352 1257 418 825

141 534 195 582 cur
183 512 289 583 loco
304 512 489 582 simillimus
503 523 552 583 est
565 514 641 603 hic,
668 517 738 588 od.
753 521 784 594 λ.
800 517 886 588 3λ1.

243 619 282 688 εἴ
298 644 399 697 τινας
416 614 631 691 αντιθέων“
612 649 752 721 εταρων
767 624 860 712 ἴδες,
887 629 929 698 οἴ
939 651 1000 698 τοι
1015 619 1085 717 ἅμ
1102 620 1203 723 αύτήιι

240 717 411 792 Iitov'
375 715 508 812 ειςιῖμ
521 725 663 797 ἕποντο

140 823 180 888 Ιιι
201 829 347 910 utroque
367 821 448 889 looo
469 844 658 913 pronomen
676 826 868 895 encliticum
887 827 1052 914 ostendit,
1075 832 1254 920 praeposi-

139 925 266 992 tionem
289 946 368 994 cum
389 926 462 993 solo
479 927 614 996 nomine
634 924 735 1024 αύτῷ
759 931 1015 999 construendam
1036 953 1124 1017 eme,
1158 934 1254 1022 quasi

142 1027 253 1111 dicas,
286 1027 417 1118 vigiles
438 1028 526 1097 milri
547 1031 646 1098 circa
668 1053 725 1099 me
746 1033 862 1124 ipsum
887 1033 1063 1113 aderaat3
1102 1035 1163 1126 qai
1191 1034 1255 1104 tibi

141 1129 283 1198 comites
300 1137 416 1198 tecum
430 1131 508 1222 ἱμσο
522 1132 680 1225 profecti
698 1143 809 1203 erant.
833 1216 836 1221 ι
860 1136 948 1203 Nam
963 1135 1049 1204 utin
1068 1136 1175 1205 altero
1200 1139 1255 1205 lo-
1310 1205 1314 1214 ,

142 1253 183 1300 co
206 1230 294 1301 haec
314 1234 426 1300 subest
448 1234 626 1320 sententia,
665 1244 705 1303 to
727 1244 761 1305 et
785 1238 861 1329 ipse
890 1237 1011 1306 inilia
1035 1239 1256 1330 expeditione
1332 1280 1336 1286 ·

132 1333 257 1426 suisti,
294 1342 328 1402 et
348 1336 460 1403 socios
483 1343 598 1404 tecam
617 1337 791 1424 habaisti,
826 1342 874 1407 ita
890 1342 925 1407 in
944 1341 1058 1432 priore
1078 1332 1158 1411 loco
1183 1333 1289 1413 hoc*

142 1436 238 1507 dicit:
263 1437 393 1529 vigiles
408 1437 496 1505 mihi
509 1438 752 1528 accubabant,
777 1443 830 1512 ita
851 1450 892 1512 at
905 1442 981 1535 ipse
1000 1444 1036 1512 in
1056 1444 1175 1515 medio
1194 1466 1253 1515 ea·

139 1555 219 1610 rum
236 1561 356 1608 essem.
408 1541 506 1608 lliad.
528 1569 562 1614 τ.
579 1541 664 1611 1λ8.
743 1568 747 1576 ι

240 1701 300 1747 ιιαι
291 1673 360 1749 ol
375 1672 495 1750 aol'
447 1704 546 1772 αοτςο
534 1673 722 1771 θομος’
704 1677 756 1752 evi
772 1677 900 1776 φρεσὶν
920 1679 1065 1761 ἵλαος*
1041 1705 1150 1754 εστω·

139 1813 159 1879 i.
173 1835 203 1881 e.
224 1819 263 1879 ta
277 1813 386 1882 etiam
401 1813 495 1882 uitro
508 1820 543 1881 te
563 1809 711 1905 facilem
724 1813 875 1907 praeire
901 1815 1037 1886 Eodem
1052 1815 1157 1885 modo
1181 1813 1250 1887 Od.

141 1912 277 1989 ⁸1⁹⁰·
797 2014 886 2093 oriris?
906 2045 974 2113 μοι
994 2013 1089 2142 αύτή

240 2113 394 2212 θύμος
376 2147 428 2193 ενι
419 2113 620 2218 στήθεσσι
638 2114 820 2219 σιδήρεος,
847 2118 930 2196 α’λλ
944 2114 1122 2218 ἐλεήμων

138 2256 233 2326 uitro
251 2254 452 2325 misericors
471 2278 560 2329 sam.
610 2257 707 2327 niae„
725 2286 759 2331 τ.
778 2256 866 2331 192.

240 2389 298 2465 ooi
319 2387 356 2465 δ’
385 2389 487 2488 αὐτῷ
505 2388 589 2467 τόδ’
613 2387 702 2488 ἔνων
719 2395 964 2487 ἐπιτέλλομαι.

138 2528 207 2599 Hic
229 2527 341 2620 primo
363 2529 545 2657 ορΙοροσιιι,
579 2529 659 2620 quia
683 2528 881 2621 praecessit,
918 2520 1037 2626 αύτιῖρ
1065 2518 1251 2647 Ἀχιλλεύς
1383 2530 1385 2535 ’

138 2633 326 2725 μιμνέτω,
350 2628 558 2725 μίμνετεδ’
581 2632 685 2706 ἄλλοι
706 2628 855 2723 πάντες,
881 2631 1063 2700 dicendum
1084 2630 1230 2699 fuisse
1198 2653 1252 2698 vr-

139 2734 272 2803 debitur
295 2733 353 2805 σοὶ
376 2734 459 2808 δὲ
435 2757 504 2803 sune
526 2730 636 2830 oriani
687 2736 816 2805 Verum
836 2758 941 2825 quum
963 2738 1200 2827 Agamemnon
1217 2739 1252 2800 et

137 2837 173 2905 in
196 2836 364 2927 principio
387 2837 580 2926 alloquatur
611 2839 779 2928 Vlyssem‚
813 2847 979 2923 ettotam
1003 2836 1189 2906 orationem
1205 2833 1252 2902 ad

137 2939 231 3008 hunc
246 2949 432 3025 convertat,
456 2949 549 3011 recte
566 2964 602 3008 se
613 2936 805 3011 habero
759 2967 855 3035 corp
843 2916 1081 3032 intelligitur,
1106 2948 1144 3007 ut
1156 2937 1251 3027 quod

136 3042 335 3111 relationem
354 3043 399 3110 ad
413 3044 587 3163 superiora
603 3046 788 3129 contineat,
816 3042 888 3113 hoc
899 3044 1020 3111 modo:
1045 3049 1143 3110 recte
1156 3040 1252 3109 dixi-

136 3147 201 3214 sti:
224 3130 345 3236 itaque
365 3147 439 3214 ta
425 3167 502 3237 ipae
525 3146 622 3215 dona
642 3147 789 3217 Aelana·
806 3155 993 3287 apportes,
1032 3144 1166 3213 caeteri
1193 3141 1291 3211 irio

135 3255 313 3318 mmeoerri.
338 3247 437 3317 Iliad.
429 3276 488 3344 ..φ
504 3247 590 3315 243.

739 3336 859 3437 ήιλΗ
841 3344 1000 3446 energia
1021 3344 1201 3468 ε’ριποοσιι
1252 3360 1299 3423 ot)

104 3530 107 3535 ,
238 3478 399 3549 αρημνον
413 3449 559 3526 ἅπαντα
576 3449 763 3574 alausas
746 3452 870 3540 επέσχι
888 3452 926 3524 δὲ
941 3442 1033 3521 nata
1035 3450 1185 3570 ρείθροι

240 3552 377 3642 ὄζοισιν
402 3561 600 3641 πυκινοῖσι,
623 3547 829 3652 γεφύρωσιν
852 3554 895 3627 δέ
913 3578 980 3646 μιν
996 3544 1123 3624 αὐτόν

134 3690 345 3783 lneptissima
366 3701 459 3776 sunt,
484 3714 572 3781 qnae
590 3691 634 3759 ad
654 3688 748 3760 hunc
769 3689 887 3759 locam
907 3685 1101 3756 Eustathins
1118 3685 1251 3777 profert
1328 3764 1333 3773 ρ

135 3817 172 3886 p.
184 3791 303 3881 1235,
328 3793 388 3862 22.
405 3796 485 3865 Hoc
498 3795 579 3864 dicit
594 3803 714 3885 poeta:
740 3790 849 3861 orbor
860 3799 962 3861 erata
976 3797 1009 3859 et
1024 3789 1140 3858 undas
1157 3787 1251 3858 Soa-

135 3898 282 3966 mandri
296 3899 409 3967 ramis
423 3896 570 3982 obtexit,
598 3905 631 3964 et
644 3896 759 3987 ipsam
773 3902 956 3987 tamquam
965 3899 1075 3986 ponte
1083 3891 1250 3984 pervium

136 3999 309 4070 reddidit.
360 4000 497 4069 Eodem
518 4000 553 4068 in
577 3999 666 4067 libro
681 4022 713 4067 ι.
729 3996 815 4066 318

796 4092 867 4172 coiri
885 4098 928 4171 δι’
952 4123 1018 4189 μιν
1034 4090 1191 4169 αὐτον

112 4250 116 4260 ,
242 4199 366 4278 εἰλύσω
394 4198 652 4302 ψαμάθοισιν,
679 4200 757 4286 ἅλις
778 4194 929 4300 χιρύδος
955 4192 1163 4297 περιχεύας,

223 4304 416 4407 poploe*
871 4350 877 4362 ·
