<?xml version="1.0" encoding="UTF-8"?>
<!DOCTYPE html PUBLIC "-//W3C//DTD XHTML 1.0 Transitional//EN"
    "http://www.w3.org/TR/xhtml1/DTD/xhtml1-transitional.dtd">
<html xmlns="http://www.w3.org/1999/xhtml" xml:lang="en" lang="en">
 <head>
  <title>
</title>
<meta http-equiv="Content-Type" content="text/html;charset=utf-8" />
  <meta name='ocr-system' content='tesseract 3.04.00' />
  <meta name='ocr-capabilities' content='ocr_page ocr_carea ocr_par ocr_line ocrx_word'/>
</head>
<body>
  <div class='ocr_page' id='page_1' title='image "./opuscula02hermgoog_0033.png"; bbox 0 0 2826 4904; ppageno 0'>
   <div class='ocr_carea' id='block_1_1' title="bbox 701 748 796 812">
    <p class='ocr_par' dir='ltr' id='par_1_1' title="bbox 701 748 796 812">
     <span class='ocr_line' id='line_1_1' title="bbox 701 748 796 812; baseline 0.011 -1"><span class='ocrx_word' id='word_1_1' title='bbox 701 748 796 812; x_wconf 86' lang='lat' dir='ltr'><strong>·DE</strong></span> 
     </span>
    </p>
   </div>
   <div class='ocr_carea' id='block_1_2' title="bbox 311 933 1230 1211">
    <p class='ocr_par' dir='ltr' id='par_1_2' title="bbox 311 933 1230 1211">
     <span class='ocr_line' id='line_1_2' title="bbox 486 933 1009 1043; baseline -0.002 -42"><span class='ocrx_word' id='word_1_2' title='bbox 486 933 1009 1043; x_wconf 0' lang='lat' dir='ltr'><strong>,poeseos</strong></span> 
     </span>
     <span class='ocr_line' id='line_1_3' title="bbox 311 1120 1230 1211; baseline -0.007 -1"><span class='ocrx_word' id='word_1_3' title='bbox 311 1120 1230 1211; x_wconf 82' lang='lat' dir='ltr'><strong>GENER‘IBVS.</strong></span> 
     </span>
    </p>
   </div>
   <div class='ocr_carea' id='block_1_3' title="bbox 655 1315 888 1365">
    <p class='ocr_par' dir='ltr' id='par_1_3' title="bbox 655 1315 888 1365">
     <span class='ocr_line' id='line_1_4' title="bbox 655 1315 888 1365; baseline -0.013 -1"><span class='ocrx_word' id='word_1_4' title='bbox 655 1315 888 1365; x_wconf 79' lang='lat' dir='ltr'><strong>cloloccxcn&#39;.</strong></span> 
     </span>
    </p>
   </div>
   <div class='ocr_carea' id='block_1_4' title="bbox 754 1677 781 1745">
    <p class='ocr_par' dir='ltr' id='par_1_4' title="bbox 754 1677 781 1745">
     <span class='ocr_line' id='line_1_5' title="bbox 754 1677 781 1745; baseline -0.037 0"><span class='ocrx_word' id='word_1_5' title='bbox 754 1677 781 1745; x_wconf 92' lang='grc' dir='ltr'><strong>Ι.</strong></span> 
     </span>
    </p>
   </div>
   <div class='ocr_carea' id='block_1_5' title="bbox 429 1856 1101 1942">
    <p class='ocr_par' dir='ltr' id='par_1_5' title="bbox 429 1856 1101 1942">
     <span class='ocr_line' id='line_1_6' title="bbox 429 1856 1101 1942; baseline 0.001 -23"><span class='ocrx_word' id='word_1_6' title='bbox 429 1857 481 1921; x_wconf 85' lang='lat' dir='ltr'><strong>De</strong></span> <span class='ocrx_word' id='word_1_7' title='bbox 501 1859 734 1922; x_wconf 71' lang='lat' dir='ltr'><strong>ruderatione</strong></span> <span class='ocrx_word' id='word_1_8' title='bbox 756 1856 943 1927; x_wconf 65' lang='lat' dir='ltr'><strong>dividendae</strong></span> <span class='ocrx_word' id='word_1_9' title='bbox 961 1878 1101 1942; x_wconf 83' lang='lat' dir='ltr'><strong>poeseos.</strong></span> 
     </span>
    </p>
   </div>
   <div class='ocr_carea' id='block_1_6' title="bbox 145 1978 1332 3375">
    <p class='ocr_par' dir='ltr' id='par_1_6' title="bbox 145 1978 1332 3375">
     <span class='ocr_line' id='line_1_7' title="bbox 214 1978 1329 2143; baseline -0.002 -22"><span class='ocrx_word' id='word_1_10' title='bbox 214 1978 355 2121; x_wconf 81' lang='lat' dir='ltr'><strong>poesis</strong></span> <span class='ocrx_word' id='word_1_11' title='bbox 375 2050 461 2119; x_wconf 90' lang='lat' dir='ltr'><strong>inter</strong></span> <span class='ocrx_word' id='word_1_12' title='bbox 482 2058 630 2119; x_wconf 87' lang='lat' dir='ltr'><strong>caeteras</strong></span> <span class='ocrx_word' id='word_1_13' title='bbox 649 2058 752 2136; x_wconf 89' lang='lat' dir='ltr'><strong>artes,</strong></span> <span class='ocrx_word' id='word_1_14' title='bbox 777 2073 865 2143; x_wconf 91' lang='lat' dir='ltr'><strong>quae</strong></span> <span class='ocrx_word' id='word_1_15' title='bbox 884 2051 985 2121; x_wconf 91' lang='lat' dir='ltr'><strong>animi</strong></span> <span class='ocrx_word' id='word_1_16' title='bbox 1001 2049 1195 2120; x_wconf 87' lang='lat' dir='ltr'><strong>oblectandi</strong></span> <span class='ocrx_word' id='word_1_17' title='bbox 1216 2073 1329 2120; x_wconf 80' lang='lat' dir='ltr'>caussa</span> 
     </span>
     <span class='ocr_line' id='line_1_8' title="bbox 214 2155 1328 2244; baseline -0.002 -20"><span class='ocrx_word' id='word_1_18' title='bbox 214 2157 367 2226; x_wconf 83' lang='lat' dir='ltr'><strong>inventae</strong></span> <span class='ocrx_word' id='word_1_19' title='bbox 383 2162 476 2238; x_wconf 85' lang='lat' dir='ltr'><strong>sunt,</strong></span> <span class='ocrx_word' id='word_1_20' title='bbox 502 2161 573 2220; x_wconf 93' lang='lat' dir='ltr'><strong>tum</strong></span> <span class='ocrx_word' id='word_1_21' title='bbox 587 2163 862 2244; x_wconf 84' lang='lat' dir='ltr'><strong>argumentorum</strong></span> <span class='ocrx_word' id='word_1_22' title='bbox 877 2155 1089 2223; x_wconf 89' lang='lat' dir='ltr'><strong>multitudiue</strong></span> <span class='ocrx_word' id='word_1_23' title='bbox 1104 2178 1144 2226; x_wconf 94' lang='lat' dir='ltr'><strong>ac</strong></span> <span class='ocrx_word' id='word_1_24' title='bbox 1159 2155 1328 2241; x_wconf 89' lang='lat' dir='ltr'><strong>varietate,</strong></span> 
     </span>
     <span class='ocr_line' id='line_1_9' title="bbox 214 2256 1328 2348; baseline -0.003 -21"><span class='ocrx_word' id='word_1_25' title='bbox 214 2268 287 2328; x_wconf 91' lang='lat' dir='ltr'><strong>tum</strong></span> <span class='ocrx_word' id='word_1_26' title='bbox 294 2257 498 2326; x_wconf 90' lang='lat' dir='ltr'><strong>tractationis</strong></span> <span class='ocrx_word' id='word_1_27' title='bbox 516 2256 704 2324; x_wconf 89' lang='lat' dir='ltr'><strong>diversitate</strong></span> <span class='ocrx_word' id='word_1_28' title='bbox 722 2281 762 2329; x_wconf 94' lang='lat' dir='ltr'><strong>ac</strong></span> <span class='ocrx_word' id='word_1_29' title='bbox 778 2258 1043 2327; x_wconf 82' lang='lat' dir='ltr'><strong>dissimilitudine</strong></span> <span class='ocrx_word' id='word_1_30' title='bbox 1059 2268 1129 2326; x_wconf 89' lang='lat' dir='ltr'><strong>tam</strong></span> <span class='ocrx_word' id='word_1_31' title='bbox 1145 2258 1211 2325; x_wconf 91' lang='lat' dir='ltr'><strong>late</strong></span> <span class='ocrx_word' id='word_1_32' title='bbox 1224 2266 1328 2348; x_wconf 87' lang='lat' dir='ltr'><strong>patet,</strong></span> 
     </span>
     <span class='ocr_line' id='line_1_10' title="bbox 214 2359 1330 2453; baseline -0.004 -22"><span class='ocrx_word' id='word_1_33' title='bbox 214 2365 295 2431; x_wconf 90' lang='lat' dir='ltr'><strong>utin</strong></span> <span class='ocrx_word' id='word_1_34' title='bbox 306 2362 367 2428; x_wconf 94' lang='lat' dir='ltr'><strong>illo</strong></span> <span class='ocrx_word' id='word_1_35' title='bbox 382 2359 621 2451; x_wconf 84' lang='lat' dir='ltr'><strong>philosophiae</strong></span> <span class='ocrx_word' id='word_1_36' title='bbox 632 2360 730 2445; x_wconf 91' lang='lat' dir='ltr'><strong>loco,</strong></span> <span class='ocrx_word' id='word_1_37' title='bbox 755 2361 813 2450; x_wconf 91' lang='lat' dir='ltr'><strong>qui</strong></span> <span class='ocrx_word' id='word_1_38' title='bbox 827 2362 945 2428; x_wconf 89' lang='lat' dir='ltr'><strong>artium</strong></span> <span class='ocrx_word' id='word_1_39' title='bbox 960 2370 1146 2453; x_wconf 88' lang='lat' dir='ltr'><strong>praecepta</strong></span> <span class='ocrx_word' id='word_1_40' title='bbox 1157 2361 1272 2446; x_wconf 83' lang='lat' dir='ltr'><strong>tradit,</strong></span> <span class='ocrx_word' id='word_1_41' title='bbox 1290 2384 1330 2428; x_wconf 90' lang='lat' dir='ltr'><strong>ea</strong></span> 
     </span>
     <span class='ocr_line' id='line_1_11' title="bbox 214 2463 1330 2556; baseline -0.004 -22"><span class='ocrx_word' id='word_1_42' title='bbox 214 2488 348 2556; x_wconf 83' lang='lat' dir='ltr'><strong>semper</strong></span> <span class='ocrx_word' id='word_1_43' title='bbox 365 2472 399 2532; x_wconf 90' lang='lat' dir='ltr'><strong>et</strong></span> <span class='ocrx_word' id='word_1_44' title='bbox 411 2464 603 2556; x_wconf 81' lang='lat' dir='ltr'><strong>gravissima</strong></span> <span class='ocrx_word' id='word_1_45' title='bbox 617 2472 651 2532; x_wconf 90' lang='lat' dir='ltr'><strong>et</strong></span> <span class='ocrx_word' id='word_1_46' title='bbox 670 2463 871 2532; x_wconf 87' lang='lat' dir='ltr'><strong>difficillima</strong></span> <span class='ocrx_word' id='word_1_47' title='bbox 883 2465 1032 2552; x_wconf 84' lang='lat' dir='ltr'><strong>quaestio</strong></span> <span class='ocrx_word' id='word_1_48' title='bbox 1048 2463 1165 2531; x_wconf 92' lang='lat' dir='ltr'><strong>habita</strong></span> <span class='ocrx_word' id='word_1_49' title='bbox 1181 2463 1232 2549; x_wconf 89' lang='lat' dir='ltr'><strong>sit,</strong></span> <span class='ocrx_word' id='word_1_50' title='bbox 1247 2471 1330 2552; x_wconf 92' lang='lat' dir='ltr'><strong>quot</strong></span> 
     </span>
     <span class='ocr_line' id='line_1_12' title="bbox 214 2565 1330 2655; baseline 0 -20"><span class='ocrx_word' id='word_1_51' title='bbox 214 2569 277 2635; x_wconf 85' lang='lat' dir='ltr'><strong>sint</strong></span> <span class='ocrx_word' id='word_1_52' title='bbox 302 2576 336 2634; x_wconf 92' lang='lat' dir='ltr'><strong>et</strong></span> <span class='ocrx_word' id='word_1_53' title='bbox 360 2588 447 2653; x_wconf 90' lang='lat' dir='ltr'><strong>quae</strong></span> <span class='ocrx_word' id='word_1_54' title='bbox 466 2588 593 2655; x_wconf 86' lang='lat' dir='ltr'><strong>genera</strong></span> <span class='ocrx_word' id='word_1_55' title='bbox 620 2585 752 2652; x_wconf 89' lang='lat' dir='ltr'><strong>poseos.</strong></span> <span class='ocrx_word' id='word_1_56' title='bbox 777 2635 779 2639; x_wconf 67' lang='grc'>,</span> <span class='ocrx_word' id='word_1_57' title='bbox 804 2566 893 2632; x_wconf 89' lang='lat' dir='ltr'><strong>Nam</strong></span> <span class='ocrx_word' id='word_1_58' title='bbox 921 2587 1025 2653; x_wconf 92' lang='lat' dir='ltr'><strong>quum</strong></span> <span class='ocrx_word' id='word_1_59' title='bbox 1044 2565 1330 2654; x_wconf 89' lang='lat' dir='ltr'><strong>philosophorum</strong></span> 
     </span>
     <span class='ocr_line' id='line_1_13' title="bbox 145 2664 1331 2759; baseline 0.002 -23"><span class='ocrx_word' id='word_1_60' title='bbox 145 2678 150 2683; x_wconf 88' lang='lat'>&#39;</span> <span class='ocrx_word' id='word_1_61' title='bbox 215 2668 471 2759; x_wconf 79' lang='lat' dir='ltr'><strong>disceptationes</strong></span> <span class='ocrx_word' id='word_1_62' title='bbox 490 2667 595 2756; x_wconf 85' lang='lat' dir='ltr'><strong>longe</strong></span> <span class='ocrx_word' id='word_1_63' title='bbox 609 2664 787 2747; x_wconf 86' lang='lat' dir='ltr'><strong>maximam</strong></span> <span class='ocrx_word' id='word_1_64' title='bbox 798 2675 930 2755; x_wconf 87' lang='lat' dir='ltr'><strong>partem</strong></span> <span class='ocrx_word' id='word_1_65' title='bbox 942 2667 987 2733; x_wconf 91' lang='lat' dir='ltr'><strong>ad</strong></span> <span class='ocrx_word' id='word_1_66' title='bbox 1003 2668 1134 2758; x_wconf 84' lang='lat' dir='ltr'><strong>singula</strong></span> <span class='ocrx_word' id='word_1_67' title='bbox 1147 2670 1331 2738; x_wconf 87' lang='lat' dir='ltr'><strong>carminum</strong></span> 
     </span>
     <span class='ocr_line' id='line_1_14' title="bbox 215 2750 1331 2864; baseline 0.002 -26"><span class='ocrx_word' id='word_1_68' title='bbox 215 2764 341 2864; x_wconf 78' lang='lat' dir='ltr'><strong>gedera</strong></span> <span class='ocrx_word' id='word_1_69' title='bbox 356 2776 524 2859; x_wconf 87' lang='lat' dir='ltr'><strong>spectent,</strong></span> <span class='ocrx_word' id='word_1_70' title='bbox 545 2750 692 2859; x_wconf 86' lang='lat' dir='ltr'><strong>primuni</strong></span> <span class='ocrx_word' id='word_1_71' title='bbox 708 2768 873 2854; x_wconf 91' lang='lat' dir='ltr'><strong>omnium,</strong></span> <span class='ocrx_word' id='word_1_72' title='bbox 899 2772 1075 2858; x_wconf 90' lang='lat' dir='ltr'><strong>quominus</strong></span> <span class='ocrx_word' id='word_1_73' title='bbox 1088 2779 1215 2839; x_wconf 90' lang='lat' dir='ltr'><strong>temere</strong></span> <span class='ocrx_word' id='word_1_74' title='bbox 1230 2772 1331 2862; x_wconf 91' lang='lat' dir='ltr'><strong>quid-</strong></span> 
     </span>
     <span class='ocr_line' id='line_1_15' title="bbox 214 2870 1331 2964; baseline 0.001 -23"><span class='ocrx_word' id='word_1_75' title='bbox 214 2890 318 2964; x_wconf 83' lang='lat' dir='ltr'><strong>quam</strong></span> <span class='ocrx_word' id='word_1_76' title='bbox 331 2881 364 2939; x_wconf 90' lang='lat' dir='ltr'><strong>et</strong></span> <span class='ocrx_word' id='word_1_77' title='bbox 383 2870 624 2939; x_wconf 84' lang='lat' dir='ltr'><strong>inconsiderate</strong></span> <span class='ocrx_word' id='word_1_78' title='bbox 646 2870 914 2961; x_wconf 84' lang='lat' dir='ltr'><strong>praeciperetur,</strong></span> <span class='ocrx_word' id='word_1_79' title='bbox 939 2874 1090 2942; x_wconf 89' lang='lat' dir='ltr'><strong>universa</strong></span> <span class='ocrx_word' id='word_1_80' title='bbox 1109 2897 1253 2964; x_wconf 83' lang='lat' dir='ltr'><strong>poeseos</strong></span> <span class='ocrx_word' id='word_1_81' title='bbox 1275 2899 1331 2942; x_wconf 89' lang='lat' dir='ltr'><strong>ra-</strong></span> 
     </span>
     <span class='ocr_line' id='line_1_16' title="bbox 215 2972 1331 3066; baseline 0.002 -23"><span class='ocrx_word' id='word_1_82' title='bbox 215 2978 263 3044; x_wconf 91' lang='lat' dir='ltr'><strong>tio</strong></span> <span class='ocrx_word' id='word_1_83' title='bbox 276 2976 311 3042; x_wconf 92' lang='lat' dir='ltr'><strong>in</strong></span> <span class='ocrx_word' id='word_1_84' title='bbox 328 2972 383 3043; x_wconf 83' lang='lat' dir='ltr'><strong>eas</strong></span> <span class='ocrx_word' id='word_1_85' title='bbox 397 2981 509 3065; x_wconf 89' lang='lat' dir='ltr'><strong>partes</strong></span> <span class='ocrx_word' id='word_1_86' title='bbox 524 2973 705 3042; x_wconf 87' lang='lat' dir='ltr'><strong>dividenda</strong></span> <span class='ocrx_word' id='word_1_87' title='bbox 720 2997 762 3043; x_wconf 91' lang='lat' dir='ltr'><strong>ac</strong></span> <span class='ocrx_word' id='word_1_88' title='bbox 779 2973 999 3043; x_wconf 85' lang='lat' dir='ltr'><strong>describenda</strong></span> <span class='ocrx_word' id='word_1_89' title='bbox 1013 2985 1101 3063; x_wconf 89' lang='lat' dir='ltr'><strong>erat,</strong></span> <span class='ocrx_word' id='word_1_90' title='bbox 1127 3001 1215 3066; x_wconf 94' lang='lat' dir='ltr'><strong>quae</strong></span> <span class='ocrx_word' id='word_1_91' title='bbox 1231 2986 1264 3045; x_wconf 91' lang='lat' dir='ltr'><strong>et</strong></span> <span class='ocrx_word' id='word_1_92' title='bbox 1276 2979 1331 3045; x_wconf 91' lang='lat' dir='ltr'><strong>in-</strong></span> 
     </span>
     <span class='ocr_line' id='line_1_17' title="bbox 216 3075 1331 3171; baseline 0.002 -25"><span class='ocrx_word' id='word_1_93' title='bbox 216 3088 354 3171; x_wconf 82' lang='lat' dir='ltr'><strong>gentem</strong></span> <span class='ocrx_word' id='word_1_94' title='bbox 367 3077 435 3144; x_wconf 89' lang='lat' dir='ltr'><strong>eius</strong></span> <span class='ocrx_word' id='word_1_95' title='bbox 450 3075 707 3166; x_wconf 91' lang='lat' dir='ltr'><strong>amplitudinem</strong></span> <span class='ocrx_word' id='word_1_96' title='bbox 731 3076 919 3166; x_wconf 85' lang='lat' dir='ltr'><strong>explerent,</strong></span> <span class='ocrx_word' id='word_1_97' title='bbox 947 3086 980 3146; x_wconf 89' lang='lat' dir='ltr'><strong>et</strong></span> <span class='ocrx_word' id='word_1_98' title='bbox 994 3080 1087 3171; x_wconf 88' lang='lat' dir='ltr'><strong>ipsae</strong></span> <span class='ocrx_word' id='word_1_99' title='bbox 1108 3081 1193 3148; x_wconf 90' lang='lat' dir='ltr'><strong>inter</strong></span> <span class='ocrx_word' id='word_1_100' title='bbox 1206 3104 1242 3148; x_wconf 89' lang='lat' dir='ltr'><strong>se</strong></span> <span class='ocrx_word' id='word_1_101' title='bbox 1258 3081 1331 3149; x_wconf 92' lang='lat' dir='ltr'><strong>cla-</strong></span> 
     </span>
     <span class='ocr_line' id='line_1_18' title="bbox 216 3179 1332 3273; baseline 0.003 -24"><span class='ocrx_word' id='word_1_102' title='bbox 216 3183 342 3250; x_wconf 87' lang='lat' dir='ltr'><strong>rissime</strong></span> <span class='ocrx_word' id='word_1_103' title='bbox 356 3179 643 3270; x_wconf 82' lang='lat' dir='ltr'><strong>distinguerentur.</strong></span> <span class='ocrx_word' id='word_1_104' title='bbox 668 3180 709 3247; x_wconf 90' lang='lat' dir='ltr'><strong>ln</strong></span> <span class='ocrx_word' id='word_1_105' title='bbox 723 3202 791 3269; x_wconf 96' lang='lat' dir='ltr'><strong>quo</strong></span> <span class='ocrx_word' id='word_1_106' title='bbox 810 3181 872 3247; x_wconf 92' lang='lat' dir='ltr'><strong>etsi</strong></span> <span class='ocrx_word' id='word_1_107' title='bbox 882 3180 961 3250; x_wconf 90' lang='lat' dir='ltr'><strong>inde</strong></span> <span class='ocrx_word' id='word_1_108' title='bbox 978 3184 1023 3260; x_wconf 78' lang='lat' dir='ltr'><strong>ab</strong></span> <span class='ocrx_word' id='word_1_109' title='bbox 1034 3184 1214 3251; x_wconf 86' lang='lat' dir='ltr'><strong>Aristotele</strong></span> <span class='ocrx_word' id='word_1_110' title='bbox 1225 3206 1332 3273; x_wconf 87' lang='lat' dir='ltr'><strong>usque</strong></span> 
     </span>
     <span class='ocr_line' id='line_1_19' title="bbox 218 3282 1331 3375; baseline 0.002 -23"><span class='ocrx_word' id='word_1_111' title='bbox 218 3285 263 3352; x_wconf 92' lang='lat' dir='ltr'><strong>ad</strong></span> <span class='ocrx_word' id='word_1_112' title='bbox 275 3284 365 3352; x_wconf 86' lang='lat' dir='ltr'><strong>hanc</strong></span> <span class='ocrx_word' id='word_1_113' title='bbox 382 3292 526 3350; x_wconf 87' lang='lat' dir='ltr'><strong>aetatem</strong></span> <span class='ocrx_word' id='word_1_114' title='bbox 539 3282 676 3375; x_wconf 90' lang='lat' dir='ltr'><strong>plurimi</strong></span> <span class='ocrx_word' id='word_1_115' title='bbox 691 3284 945 3352; x_wconf 88' lang='lat' dir='ltr'><strong>elaboraverunt</strong></span> <span class='ocrx_word' id='word_1_116' title='bbox 957 3293 1056 3374; x_wconf 91' lang='lat' dir='ltr'><strong>atque</strong></span> <span class='ocrx_word' id='word_1_117' title='bbox 1073 3287 1250 3356; x_wconf 88' lang='lat' dir='ltr'><strong>acutissimi</strong></span> <span class='ocrx_word' id='word_1_118' title='bbox 1263 3286 1331 3354; x_wconf 93' lang='lat' dir='ltr'><strong>ho-</strong></span> 
     </span>
    </p>
   </div>
   <div class='ocr_carea' id='block_1_7' title="bbox 56 3385 1331 3482">
    <p class='ocr_par' dir='ltr' id='par_1_7' title="bbox 56 3385 1331 3482">
     <span class='ocr_line' id='line_1_20' title="bbox 56 3385 1331 3482; baseline 0.002 -29"><span class='ocrx_word' id='word_1_119' title='bbox 56 3450 61 3463; x_wconf 89' lang='grc'>,</span> <span class='ocrx_word' id='word_1_120' title='bbox 170 3476 174 3482; x_wconf 27' lang='grc'>,</span> <span class='ocrx_word' id='word_1_121' title='bbox 217 3387 333 3471; x_wconf 77' lang='lat' dir='ltr'><strong>mineS,</strong></span> <span class='ocrx_word' id='word_1_122' title='bbox 358 3386 465 3453; x_wconf 90' lang='lat' dir='ltr'><strong>minus</strong></span> <span class='ocrx_word' id='word_1_123' title='bbox 479 3395 593 3453; x_wconf 89' lang='lat' dir='ltr'><strong>tamen</strong></span> <span class='ocrx_word' id='word_1_124' title='bbox 606 3385 760 3454; x_wconf 82' lang='lat' dir='ltr'><strong>videntur</strong></span> <span class='ocrx_word' id='word_1_125' title='bbox 775 3387 954 3455; x_wconf 85' lang='lat' dir='ltr'><strong>absolvisse</strong></span> <span class='ocrx_word' id='word_1_126' title='bbox 967 3387 1057 3457; x_wconf 91' lang='lat' dir='ltr'><strong>hanc</strong></span> <span class='ocrx_word' id='word_1_127' title='bbox 1076 3389 1331 3476; x_wconf 86' lang='lat' dir='ltr'><strong>inquisitionem,</strong></span> 
     </span>
    </p>
   </div>
   <div class='ocr_carea' id='block_1_8' title="bbox 218 3489 1343 4304">
    <p class='ocr_par' dir='ltr' id='par_1_8' title="bbox 218 3489 1343 4304">
     <span class='ocr_line' id='line_1_21' title="bbox 218 3489 1332 3579; baseline 0.003 -22"><span class='ocrx_word' id='word_1_128' title='bbox 218 3511 321 3579; x_wconf 91' lang='lat' dir='ltr'><strong>quam</strong></span> <span class='ocrx_word' id='word_1_129' title='bbox 337 3489 477 3579; x_wconf 88' lang='lat' dir='ltr'><strong>propius</strong></span> <span class='ocrx_word' id='word_1_130' title='bbox 490 3490 663 3556; x_wconf 89' lang='lat' dir='ltr'><strong>veritatem</strong></span> <span class='ocrx_word' id='word_1_131' title='bbox 687 3489 872 3557; x_wconf 89' lang='lat' dir='ltr'><strong>adduxisse.</strong></span> <span class='ocrx_word' id='word_1_132' title='bbox 923 3489 1029 3574; x_wconf 81' lang='lat' dir='ltr'><strong>Quod</strong></span> <span class='ocrx_word' id='word_1_133' title='bbox 1048 3489 1119 3559; x_wconf 93' lang='lat' dir='ltr'><strong>hoc</strong></span> <span class='ocrx_word' id='word_1_134' title='bbox 1141 3491 1247 3559; x_wconf 91' lang='lat' dir='ltr'><strong>minus</strong></span> <span class='ocrx_word' id='word_1_135' title='bbox 1265 3495 1332 3560; x_wconf 92' lang='lat' dir='ltr'><strong>mi-</strong></span> 
     </span>
     <span class='ocr_line' id='line_1_22' title="bbox 218 3589 1331 3682; baseline 0.001 -20"><span class='ocrx_word' id='word_1_136' title='bbox 218 3616 294 3662; x_wconf 89' lang='lat' dir='ltr'><strong>rum</strong></span> <span class='ocrx_word' id='word_1_137' title='bbox 308 3600 372 3677; x_wconf 90' lang='lat' dir='ltr'><strong>est,</strong></span> <span class='ocrx_word' id='word_1_138' title='bbox 399 3589 492 3678; x_wconf 93' lang='lat' dir='ltr'><strong>quod</strong></span> <span class='ocrx_word' id='word_1_139' title='bbox 505 3591 678 3682; x_wconf 90' lang='lat' dir='ltr'><strong>plerique,</strong></span> <span class='ocrx_word' id='word_1_140' title='bbox 701 3591 738 3658; x_wconf 89' lang='lat' dir='ltr'><strong>id</strong></span> <span class='ocrx_word' id='word_1_141' title='bbox 755 3591 866 3681; x_wconf 90' lang='lat' dir='ltr'><strong>ipsum</strong></span> <span class='ocrx_word' id='word_1_142' title='bbox 879 3592 961 3679; x_wconf 92' lang='lat' dir='ltr'><strong>quid</strong></span> <span class='ocrx_word' id='word_1_143' title='bbox 975 3600 1077 3674; x_wconf 92' lang='lat' dir='ltr'><strong>esset,</strong></span> <span class='ocrx_word' id='word_1_144' title='bbox 1091 3593 1210 3682; x_wconf 88' lang='lat' dir='ltr'><strong>poesin</strong></span> <span class='ocrx_word' id='word_1_145' title='bbox 1223 3595 1258 3661; x_wconf 91' lang='lat' dir='ltr'><strong>in</strong></span> <span class='ocrx_word' id='word_1_146' title='bbox 1274 3619 1331 3663; x_wconf 90' lang='lat' dir='ltr'><strong>sua</strong></span> 
     </span>
     <span class='ocr_line' id='line_1_23' title="bbox 218 3692 1331 3789; baseline -0.001 -25"><span class='ocrx_word' id='word_1_147' title='bbox 218 3719 345 3789; x_wconf 84' lang='lat' dir='ltr'><strong>genera</strong></span> <span class='ocrx_word' id='word_1_148' title='bbox 362 3693 532 3779; x_wconf 86' lang='lat' dir='ltr'><strong>dividere,</strong></span> <span class='ocrx_word' id='word_1_149' title='bbox 558 3716 625 3761; x_wconf 90' lang='lat' dir='ltr'><strong>non</strong></span> <span class='ocrx_word' id='word_1_150' title='bbox 645 3692 821 3762; x_wconf 88' lang='lat' dir='ltr'><strong>videantur</strong></span> <span class='ocrx_word' id='word_1_151' title='bbox 839 3696 916 3762; x_wconf 90' lang='lat' dir='ltr'><strong>satis</strong></span> <span class='ocrx_word' id='word_1_152' title='bbox 936 3703 1150 3785; x_wconf 90' lang='lat' dir='ltr'><strong>perspectum</strong></span> <span class='ocrx_word' id='word_1_153' title='bbox 1166 3695 1331 3765; x_wconf 90' lang='lat' dir='ltr'><strong>habuisse.</strong></span> 
     </span>
     <span class='ocr_line' id='line_1_24' title="bbox 219 3796 1332 3892; baseline 0.001 -24"><span class='ocrx_word' id='word_1_154' title='bbox 219 3800 322 3868; x_wconf 85' lang='lat' dir='ltr'><strong>Cuius</strong></span> <span class='ocrx_word' id='word_1_155' title='bbox 334 3797 384 3866; x_wconf 90' lang='lat' dir='ltr'><strong>rei</strong></span> <span class='ocrx_word' id='word_1_156' title='bbox 394 3798 497 3887; x_wconf 90' lang='lat' dir='ltr'><strong>plena</strong></span> <span class='ocrx_word' id='word_1_157' title='bbox 509 3796 708 3887; x_wconf 86' lang='lat' dir='ltr'><strong>acperfecta</strong></span> <span class='ocrx_word' id='word_1_158' title='bbox 723 3797 872 3888; x_wconf 78' lang='lat' dir='ltr'><strong>cognitio</strong></span> <span class='ocrx_word' id='word_1_159' title='bbox 879 3797 940 3863; x_wconf 88' lang='lat' dir='ltr'><strong>nisi</strong></span> <span class='ocrx_word' id='word_1_160' title='bbox 947 3819 1081 3864; x_wconf 91' lang='lat' dir='ltr'><strong>omnem</strong></span> <span class='ocrx_word' id='word_1_161' title='bbox 1087 3798 1184 3867; x_wconf 88' lang='lat' dir='ltr'><strong>istam</strong></span> <span class='ocrx_word' id='word_1_162' title='bbox 1192 3800 1236 3869; x_wconf 89' lang='lat' dir='ltr'><strong>de</strong></span> <span class='ocrx_word' id='word_1_163' title='bbox 1244 3824 1332 3892; x_wconf 93' lang='lat' dir='ltr'><strong>poe-</strong></span> 
     </span>
     <span class='ocr_line' id='line_1_25' title="bbox 219 3899 1333 3994; baseline 0 -25"><span class='ocrx_word' id='word_1_164' title='bbox 219 3904 293 3969; x_wconf 87' lang='lat' dir='ltr'><strong>seos</strong></span> <span class='ocrx_word' id='word_1_165' title='bbox 311 3901 491 3993; x_wconf 83' lang='lat' dir='ltr'><strong>generibus</strong></span> <span class='ocrx_word' id='word_1_166' title='bbox 506 3899 762 3990; x_wconf 89' lang='lat' dir='ltr'><strong>disputationem</strong></span> <span class='ocrx_word' id='word_1_167' title='bbox 778 3900 996 3985; x_wconf 81' lang='lat' dir='ltr'><strong>antecesserit,</strong></span> <span class='ocrx_word' id='word_1_168' title='bbox 1015 3923 1197 3992; x_wconf 89' lang='lat' dir='ltr'><strong>numquam</strong></span> <span class='ocrx_word' id='word_1_169' title='bbox 1208 3903 1333 3994; x_wconf 91' lang='lat' dir='ltr'><strong>poterit</strong></span> 
     </span>
     <span class='ocr_line' id='line_1_26' title="bbox 221 4001 1332 4096; baseline 0 -24"><span class='ocrx_word' id='word_1_170' title='bbox 221 4027 263 4072; x_wconf 90' lang='lat' dir='ltr'><strong>eo</strong></span> <span class='ocrx_word' id='word_1_171' title='bbox 278 4003 459 4095; x_wconf 84' lang='lat' dir='ltr'><strong>perveniri,</strong></span> <span class='ocrx_word' id='word_1_172' title='bbox 481 4012 519 4070; x_wconf 93' lang='lat' dir='ltr'><strong>ut</strong></span> <span class='ocrx_word' id='word_1_173' title='bbox 535 4001 674 4071; x_wconf 87' lang='lat' dir='ltr'><strong>exclusis</strong></span> <span class='ocrx_word' id='word_1_174' title='bbox 688 4002 737 4086; x_wconf 90' lang='lat' dir='ltr'><strong>iis,</strong></span> <span class='ocrx_word' id='word_1_175' title='bbox 763 4024 851 4088; x_wconf 92' lang='lat' dir='ltr'><strong>qnae</strong></span> <span class='ocrx_word' id='word_1_176' title='bbox 869 4003 912 4069; x_wconf 90' lang='lat' dir='ltr'><strong>ab</strong></span> <span class='ocrx_word' id='word_1_177' title='bbox 929 4025 990 4070; x_wconf 92' lang='lat' dir='ltr'><strong>usn</strong></span> <span class='ocrx_word' id='word_1_178' title='bbox 1006 4013 1108 4094; x_wconf 90' lang='lat' dir='ltr'><strong>atque</strong></span> <span class='ocrx_word' id='word_1_179' title='bbox 1127 4007 1332 4096; x_wconf 90' lang='lat' dir='ltr'><strong>experientia</strong></span> 
     </span>
     <span class='ocr_line' id='line_1_27' title="bbox 219 4106 1332 4201; baseline 0.002 -27"><span class='ocrx_word' id='word_1_180' title='bbox 219 4107 367 4197; x_wconf 90' lang='lat' dir='ltr'><strong>petenda</strong></span> <span class='ocrx_word' id='word_1_181' title='bbox 382 4115 471 4192; x_wconf 86' lang='lat' dir='ltr'><strong>sunt,</strong></span> <span class='ocrx_word' id='word_1_182' title='bbox 484 4108 615 4197; x_wconf 90' lang='lat' dir='ltr'><strong>primae</strong></span> <span class='ocrx_word' id='word_1_183' title='bbox 626 4111 755 4171; x_wconf 89' lang='lat' dir='ltr'><strong>tantum</strong></span> <span class='ocrx_word' id='word_1_184' title='bbox 765 4106 1033 4197; x_wconf 87' lang='lat' dir='ltr'><strong>necessariaeque</strong></span> <span class='ocrx_word' id='word_1_185' title='bbox 1054 4130 1197 4200; x_wconf 86' lang='lat' dir='ltr'><strong>poeseos</strong></span> <span class='ocrx_word' id='word_1_186' title='bbox 1208 4118 1332 4201; x_wconf 90' lang='lat' dir='ltr'><strong>partes,</strong></span> 
     </span>
     <span class='ocr_line' id='line_1_28' title="bbox 221 4205 1343 4304; baseline 0.004 -25"><span class='ocrx_word' id='word_1_187' title='bbox 221 4232 349 4300; x_wconf 89' lang='lat' dir='ltr'><strong>eaeque</strong></span> <span class='ocrx_word' id='word_1_188' title='bbox 366 4232 496 4298; x_wconf 75' lang='lat' dir='ltr'><strong>onmeS,</strong></span> <span class='ocrx_word' id='word_1_189' title='bbox 520 4206 704 4282; x_wconf 83' lang='lat' dir='ltr'><strong>dividendo</strong></span> <span class='ocrx_word' id='word_1_190' title='bbox 719 4205 1056 4299; x_wconf 88' lang='lat' dir='ltr'><strong>comprehendantur.</strong></span> <span class='ocrx_word' id='word_1_191' title='bbox 1106 4212 1227 4304; x_wconf 89' lang='lat' dir='ltr'><strong>Neque</strong></span> <span class='ocrx_word' id='word_1_192' title='bbox 1242 4214 1343 4283; x_wconf 90' lang='lat' dir='ltr'><strong>enim.</strong></span> 
     </span>
    </p>
   </div>
   <div class='ocr_carea' id='block_1_9' title="bbox 0 0 1429 4904">
    <p class='ocr_par' dir='ltr' id='par_1_9' title="bbox 0 0 1429 4904">
     <span class='ocr_line' id='line_1_29' title="bbox 0 0 1429 4904; baseline 0 0"><span class='ocrx_word' id='word_1_193' title='bbox 0 0 1429 4904; x_wconf 95' lang='lat' dir='ltr'><strong> </strong></span> 
     </span>
    </p>
   </div>
  </div>
 </body>
</html>
