2826 4904
186 325 256 391 m
583 322 908 389 bissthume

187 498 227 565 ln
248 494 315 566 hac
337 495 475 585 quidem
493 493 678 587 Sophoclis
700 495 825 582 fabula,
842 519 930 586 quae
953 516 1038 588 prae
1059 495 1198 586 reliquis
1218 520 1298 568 cora

186 609 288 690 rupta
309 600 354 666 ad
380 620 442 667 nos
470 600 639 691 pervenit,
663 622 731 667 non
752 600 869 686 mirer,
902 600 1084 693 signarier
1103 604 1298 695 corruptela

184 704 305 789 lateat,
330 726 433 792 quam
457 725 545 792 quae
566 712 659 774 certa
685 703 919 771 emendatione
936 704 1044 770 sanari
1062 704 1176 795 possit
1225 707 1299 775 Ve-

185 829 260 874 rum
280 815 391 874 tamen
410 806 536 894 aliquid
558 807 675 874 saltem
696 805 742 873 ad
762 805 862 874 huius
882 807 950 876 loci
970 806 1228 898 explicationem
1245 809 1299 879 vi-

185 910 272 978 deor
295 909 379 976 mihi
399 908 554 980 conferre
574 930 687 1000 posse.
739 906 891 994 Chorus,
915 931 1021 998 quum
1042 909 1301 981 obdormivisset

185 1011 410 1097 Philoctetes,
434 1021 550 1080 monet
561 1011 842 1101 Neoptolemum,
867 1018 906 1080 ut
924 1034 1001 1082 cum
1025 1035 1106 1082 aren
1125 1013 1216 1081 illius
1234 1038 1297 1084 eu-

184 1116 305 1207 fugiat.
355 1114 554 1206 Respondet
578 1115 840 1205 Neoptolemus,
874 1137 990 1184 arcum
1011 1114 1097 1182 nihil
1124 1116 1299 1206 prodesse,

184 1219 247 1287 nisi
261 1221 371 1308 ipsum
384 1217 610 1286 Philoctetam
629 1239 742 1286 secum
756 1217 943 1299 abducant3
967 1217 1038 1287 hoc
1060 1218 1149 1286 enim
1167 1219 1298 1289 iussisse

186 1320 308 1402 deum;
339 1343 381 1389 ae
404 1329 538 1411 turpem
560 1344 631 1388 esse
651 1321 815 1413 gloriam,
846 1342 920 1389 rem
938 1321 1174 1411 imperfectam
1193 1322 1300 1391 desti-

136 1425 296 1493 mouisse.
352 1423 444 1492 Tum
465 1422 607 1509 chorus,
640 1433 820 1513 postquam
852 1422 920 1492 deo
948 1423 1204 1514 relinquendam
1227 1449 1298 1496 esse

184 1527 276 1595 hanc
289 1546 405 1595 curam
424 1526 524 1612 dixit,
549 1525 603 1593 his
621 1527 732 1595 verbis
743 1526 1009 1616 Neoptolemum
1026 1537 1156 1596 monet:
1183 1523 1298 1602 οἶσθα

184 1623 254 1726 γάρ
271 1628 313 1704 ὁν
332 1626 515 1722 αὐδοῖμαι,
542 1631 577 1701 εἰ
586 1621 727 1701 παυτάν
743 1622 862 1751 τούτῳ
878 1623 1026 1722 γνώμαν
1041 1632 1169 1721 ἴσχεις,
1194 1625 1296 1723 μάλα

184 1759 245 1805 ποι
269 1730 391 1829 άπορα
416 1737 575 1812 aestuale
593 1733 722 1804 ἐνιδεῖν
738 1722 856 1850 πάθη.
907 1730 1050 1802 Scholia
1070 1734 1273 1800 Romana
1248 1757 1297 1807 src

183 1832 327 1903 habent·
353 1827 598 1928 οἶσθανάρ
626 1828 914 1925 δναιῖδοῖμαι·
942 1829 987 1908 δι
1006 1834 1163 1928 ὁνλέγω
1215 1834 1296 1909 οἷον

183 1931 251 2011 πόν
259 1930 503 2059 Φιλοκτητην.
543 1929 605 2008 διά
620 1937 734 2029 μέσου
755 1936 868 2009 τοῦτο
890 1938 1017 2060 εῖρριε
1058 1940 1099 2010 εἰ
1121 1931 1297 2027 παντοῖα

183 2032 332 2133 τούτῳ
357 2032 548 2132 γνώμαν
588 2040 623 2110 εἰ
647 2031 927 2160 τρναάτηνποῖ
954 2036 1124 2112 Ὀδυσσεῖ
1152 2034 1297 2139 γνώμην

183 2142 285 2232 ἔχεις,
299 2139 385 2224 dcta
402 2143 544 2264 αἴρειν
533 2167 600 2214 πον
590 2134 836 2269 Φιλοκτήτην
848 2141 1030 2215 ἐντεῦθεν
1057 2140 1205 2263 άπορα
1220 2168 1297 2215 πα·

182 2250 396 2318 κενοῖσιν.
424 2237 570 2368 άπορόν
581 2248 659 2316 ἐστι
675 2242 736 2315 καῖ
755 2250 833 2324 σοῖς
848 2249 1008 2325 συνετοῖς
1029 2246 1118 2318 ι’δεῖν
1134 2238 1182 2318 νδ
1204 2271 1296 2341 πρα·

182 2348 298 2421 κτέον.
323 2347 439 2420 λείπει
462 2341 528 2419 οὖν
549 2344 570 2419 α’
590 2345 661 2418 καῖ
688 2340 887 2465 γράφεται,
914 2353 1122 2438 πυκνοῖσιν,
1149 2343 1192 2419 ἵν’
1213 2344 1296 2443 ἢέν

183 2444 373 2545 πράγμασι
392 2454 536 2529 πυκνοῖς
556 2452 711 2521 συνιδεῖν
735 2442 781 2522 τά
796 2450 995 2545 πρακτέον,
1021 2447 1171 2570 άπορον.
1204 2451 1296 2521 Hinc

75 2554 82 2569 ‘
181 2552 370 2623 Brunckius
396 2575 490 2620 snam
514 2552 820 2643 interpretationem
839 2549 964 2620 hausit:
989 2553 1059 2621 scis
1078 2554 1170 2620 enim
1193 2576 1297 2645 quem

182 2655 330 2747 ῑοραανς
354 2656 385 2724 εἰ
408 2678 488 2726 cum
506 2655 567 2725 illo
588 2656 710 2740 sentis,
731 2653 969 2748 prudentibus
994 2656 1152 2724 maxime
1170 2656 1297 2725 datum

175 2760 399 2852 perspicere,
442 2780 509 2851 quo
541 2780 580 2831 se
602 2766 715 2852 pacto
740 2781 785 2826 esc
814 2757 1087 2854 difficultatibus
1115 2757 1295 2828 extricent.

181 2861 229 2928 At
256 2860 316 2929 hic
345 2884 456 2928 sensus
482 2861 577 2928 nullo
608 2861 714 2929 modo
742 2861 777 2929 iu
806 2862 915 2930 verbis
941 2862 1008 2929 istis
1036 2863 1141 2930 inesse
1170 2873 1295 2954 potest,

119 2982 125 2989 ·
180 2964 311 3031 tametsi
332 2963 419 3030 illud
443 2973 534 3031 recte
554 2965 719 3032 monuisse
745 2963 878 3033 videtur
898 2964 1102 3050 Brunckius‚
1137 2960 1238 3039 etde
1262 2975 1296 3034 et

180 3061 299 3157 τούτῳ
317 3065 361 3133 ad
378 3067 530 3155 Vlyssem
545 3076 708 3156 spectare.
748 3066 944 3150 Quaerere
967 3078 1168 3157 sequuntur,
1193 3070 1229 3135 in
1237 3068 1290 3136 his

179 3192 223 3237 ne
246 3169 444 3239 scholiastae
468 3169 606 3258 quidem
631 3170 860 3260 hiterpretatio
887 3170 1016 3239 admitti
1037 3181 1168 3261 potest,
1205 3173 1294 3261 quia,

180 3273 207 3339 si
227 3271 348 3370 ἄπορα
370 3279 529 3354 πυκινοῖο
548 3296 614 3364 pro
636 3271 777 3370 ἄπορόν
799 3278 877 3346 ἐστι
892 3281 1052 3356 πυκινοῖο
1072 3284 1177 3365 poeta·
1192 3275 1295 3342 dixis-

178 3384 245 3458 set,
276 3371 379 3474 πάδη
400 3397 468 3444 non
494 3378 657 3467 potuisset
683 3377 731 3445 sic
754 3375 846 3444 nude
868 3374 1010 3462 addere,
1042 3379 1168 3446 nedum
1195 3387 1233 3446 ut
1256 3377 1294 3445 id

178 3469 226 3549 τά
248 3481 429 3576 πρακτέον
454 3478 666 3570 significaret.
719 3478 851 3563 Quodsi
871 3479 939 3548 dici
958 3501 1026 3548 non
1041 3479 1195 3572 potuit
1169 3475 1294 3579 απορά

178 3582 258 3653 ἐστι
279 3607 459 3670 πυκινοις,
500 3586 630 3654 ε’νιδεῖν
662 3575 787 3677 πάδη,
828 3582 937 3650 multo
975 3585 1082 3653 minus
1122 3584 1170 3651 ita
1206 3583 1293 3654 haec

176 3682 323 3776 intelligi
344 3692 545 3775 potuerunt,
585 3681 634 3754 ac'
656 3684 684 3751 si
710 3684 871 3776 scriptum
895 3696 998 3773 esset,
1042 3689 1157 3770 ἔξεστι
1182 3713 1293 3759 πυκι-

176 3790 252 3867 νοῖς
273 3785 451 3860 ενιδεῖν”
426 3813 547 3885 απορα
571 3782 687 3882 πάθη
739 3787 837 3871 Quae
858 3812 963 3877 quum
992 3793 1040 3858 ita
1063 3790 1146 3874 sint,
1181 3782 1292 3857 addu-

176 3909 257 3975 cor,
283 3898 321 3957 ut
340 3889 484 3959 duomm
498 3891 743 3963 vocabulorum
765 3890 847 3960 sede
866 3903 994 3963 mutata
1008 3895 1056 3965 sic
1078 3893 1291 3965 scribendum

176 4000 315 4083 putemr
1015 4020 1018 4027 ·

383 4091 507 4170 ἀλλ”
484 4124 504 4168 ο
528 4124 568 4169 τι
590 4089 717 4169 δύναιο
744 4089 926 4188 μάκισνον
979 4116 981 4123 ·

379 4192 478 4272 κεῖνό
497 4225 565 4292 μοι
583 4226 649 4272 νον
658 4253 672 4288 ,
706 4205 803 4272 κεῖνο
822 4194 946 4300 λάθρα

380 4296 569 4384 εξιδου,”
548 4329 568 4375 ο
587 4329 625 4375 τι
646 4295 799 4401 πράξεις
