2826 4904
195 1141 293 1226 on
365 1115 781 1231 ninuncuo
857 1140 1195 1231 ornnnnr

236 1452 239 1458 Ι
307 1315 1087 1448 osssnnunuronns*t

1098 1509 1110 1547 t

138 1917 305 2024 Graecae
325 1953 565 2046 grammaticae
587 1951 850 2047 pervestigatio,
876 1974 964 2045 quae
988 1975 1098 2046 nuper
1120 1972 1279 2047 pauco-3

136 2082 211 2128 rum
228 2057 384 2146 quidem,
410 2058 692 2129 sedidoneorum
710 2056 887 2125 hominum
908 2057 1023 2126 studiis
1038 2059 1252 2127 admirabiles

135 2161 220 2230 fecit
243 2182 459 2249 progressae,
485 2184 590 2245 nunc,
617 2162 758 2228 sirecte
784 2161 912 2243 sentio,
931 2169 997 2233 ,aut
1019 2163 1199 2230 consistere
1218 2163 1253 2228 in

134 2262 252 2332 medio
275 2283 374 2329 eursu
397 2273 557 2352 cogetur,
582 2271 640 2330 ant
659 2262 744 2346 alia,
769 2284 873 2349 quam
893 2259 1077 2352 hactenus,
1110 2263 1165 2330 via
1189 2262 1252 2333 de·
1360 2320 1363 2327 .

130 2366 233 2435 bebit
259 2363 402 2454 ingredi.
462 2367 517 2432 Eo
543 2365 632 2432 enim
659 2364 727 2432 iam
751 2364 917 2453 perducta
943 2365 1077 2434 videtur.
1100 2365 1164 2432 ista
1186 2366 1252 2434 do-

137 2470 261 2553 ctrina,
287 2477 341 2552 ut,
366 2467 428 2534 nisi
442 2467 501 2535 ille
523 2467 636 2555 locus,
663 2468 721 2556 qui
743 2476 793 2535 est
808 2466 853 2536 de
870 2467 1040 2553 dialectis,
1065 2477 1252 2559 pertracte-

137 2582 208 2657 tur,
234 2572 329 2639 nulla
350 2571 385 2636 in
405 2579 503 2660 parte
524 2572 597 2639 eius
617 2594 694 2642 oum
719 2570 835 2660 aliquo
850 2570 963 2639 fructu
983 2572 1128 2661 procedi
1147 2573 1253 2662 possit

136 2675 280 2767 longius.
331 2676 410 2741 Non
422 2674 570 2742 mirabor
582 2684 711 2759 tamen,
737 2674 764 2741 si
781 2674 939 2765 plerique
954 2674 1178 2744 dialectorum
1193 2698 1252 2743 ex·
1275 2740 1278 2745 .

136 2779 354 2871 plicationem
381 2787 524 2868 propter
550 2777 783 2864 incredibilem
809 2778 858 2845 rei
886 2776 1122 2847 difficultatem
1148 2778 1251 2847 defn-

138 2885 240 2974 gieut.
292 2883 412 2969 Neque
436 2881 525 2948 enim
542 2880 631 2951 haec
652 2904 704 2949 res
729 2881 932 2949 collectione
951 2882 1157 2951 diversarum
1176 2881 1250 2949 ΐοι-1

139 3008 269 3053 mamm
291 2984 414 3052 confici
435 2993 565 3074 potest,
590 2992 628 3051 ut
644 2984 783 3073 quidam
803 2984 930 3075 opinati
950 2995 1040 3072 sunt,
1062 2984 1123 3053 sed
1144 2993 1178 3053 et
1197 2986 1248 3052 le-

138 3090 204 3158 ctio
227 3090 262 3155 in
282 3087 420 3179 singulis
449 3088 532 3157 locis
561 3086 606 3154 ad
630 3088 759 3157 criticas
781 3088 918 3180 regulas
941 3087 1163 3178 expendenda
1190 3096 1250 3172 est,

138 3201 171 3259 et
191 3202 347 3281 tempora
367 3190 603 3277 scribendique
626 3212 752 3279 genera
767 3189 947 3279 diligenter
966 3198 1042 3258 sunt
1057 3189 1250 3258 discernen-

137 3295 191 3362 da.
245 3292 350 3378 Quod
367 3316 469 3381 quam
484 3313 645 3382 magnum
666 3291 725 3376 sit,
749 3312 919 3378 quamque
938 3290 1098 3375 difficile,
1122 3293 1248 3359 intau-

136 3408 172 3466 ta
193 3420 261 3465 uon
279 3398 389 3464 solum
410 3396 526 3484 copia,
551 3391 612 3459 sed
634 3393 735 3460 etiam
759 3391 975 3482 corruptione
997 3402 1152 3461 veterum
1166 3395 1247 3463 sori-

135 3511 293 3593 ptorurn,
319 3506 439 3589 sponte
463 3496 668 3587 intelligitur.
717 3495 886 3584 Equidem
903 3505 946 3581 ,ut
969 3496 1096 3586 aliquid
1112 3497 1157 3565 ad
1173 3521 1249 3565 eam
1371 3547 1374 3551 -

135 3627 209 3672 rem
225 3603 419 3685 conferam,
447 3599 542 3668 editis
556 3608 632 3668 ante
646 3599 815 3667 biennium
832 3597 875 3666 de
892 3597 960 3670 hac
975 3600 1114 3668 materia
1131 3601 1250 3668 obser-

136 3707 324 3774 vationibus
344 3727 433 3773 nnnc
454 3705 536 3770 alias
560 3702 702 3786 addam,
727 3714 815 3789 quae
839 3701 884 3768 ad
908 3704 1092 3771 Pindarum
1115 3713 1249 3793 specta.-

135 3812 229 3879 bnnt.
281 3808 335 3876 lle
349 3830 419 3896 quo
434 3808 596 3898 scriptore
617 3827 684 3872 non
706 3805 812 3872 minus
835 3827 991 3895 perverse
1011 3805 1177 3894 quosdam
1195 3806 1249 3874 in-

135 3915 251 3983 dicare
272 3911 393 3997 video,
419 3933 522 3999 quarn
541 3908 585 3976 de
606 3907 813 3987 Theocrito,
846 3931 951 3996 quum
976 3917 1153 3997 utrumque
1175 3909 1249 3978 llo.-

179 4180 205 4254 *)
228 4176 314 4235 Edita
335 4187 380 4237 est
396 4176 470 4235 haec
487 4175 660 4236 dissertatio
675 4198 703 4238 a.
721 4177 814 4248 1809,
837 4175 965 4256 repetita
980 4175 1010 4234 in
1027 4175 1071 4237 ed.
1093 4174 1247 4255 lleym'ona

134 4261 257 4322 Pindari
272 4283 297 4324 a.
316 4268 406 4331 1817.
430 4262 488 4325 vol.
514 4269 542 4328 3.
565 4261 689 4322 adiectio
703 4259 1076 4343 paucisadnotationibua
