2826 4904
149 180 214 246 Μ
376 177 436 239 Dll
462 176 646 240 ELLIPSI
673 174 732 241 ΕΤ
754 174 1035 242 Ptnontsno

151 348 335 447 ἀρνοῦμαι
353 343 445 447 πρός
471 343 538 424 τόν
567 346 754 425 νεανίσκον
775 344 829 447 μή
857 347 922 424 oda
949 347 1083 432 οίιιείας
1103 349 1201 441 ἔχειν
1224 355 1261 426 όν

150 454 306 545 notiori,
338 454 400 521 uisi
414 453 486 542 quis
509 477 586 523 cnm
609 453 729 522 codice
743 453 897 522 Dorvillii
918 454 1036 545 legere
1060 455 1172 522 malit:
1197 448 1260 528 ot·

151 553 335 655 ἀρνοῦμαι
349 549 439 653 πρός
454 551 520 629 τόν
542 555 727 629 νεανίσκον
743 555 876 638 οἰκείως
891 557 986 647 ἔχειν
1003 561 1041 630 ἐν
1054 555 1203 631 πολλοά.
1230 608 1235 615 -

251 726 424 818 Participii
452 750 549 796 usum
579 730 614 796 in
643 728 714 799 hoc
739 750 867 822 genere
894 751 962 796 non
991 726 1107 795 babeo
1143 727 1262 819 quibus

149 832 309 922 exemplis
331 831 546 917 confirmem,
572 832 667 922 quod
691 834 813 918 verba,
846 831 990 920 quaein
1018 828 1086 901 bae
1110 830 1276 901 eonstrn-'

149 935 260 1002 ctione
280 943 474 1019 occurrunt,
509 935 582 1004 fere
605 936 801 1005 infinitivum
819 935 882 1003 sibi
910 935 1107 1026 adiungunt
1157 933 1262 1019 Quod

80 1037 178 1104 tarsi
200 1037 336 1126 quando
358 1036 574 1129 participium
592 1039 745 1124 additur,
771 1048 912 1126 utraque
927 1038 1066 1130 negatio
1080 1037 1192 1106 omitti
1206 1059 1261 1108 so-

146 1139 212 1226 let,
234 1149 272 1207 ut
285 1140 379 1231 apud
393 1141 601 1232 Aeschylum
621 1144 657 1210 in
676 1144 802 1235 Agam.
817 1136 905 1208 592.

300 1271 493 1370 νικώμενος
518 1273 679 1372 λόγοισιν
707 1275 771 1351 oda
799 1274 1018 1372 ἀναίνομαι·

148 1420 182 1481 et
201 1413 294 1505 apud
306 1413 508 1504 Euripidem
529 1415 564 1482 in
587 1414 703 1509 lpbig.
719 1416 800 1489 Aul.
818 1410 931 1483 1512.

299 1509 469 1625 dovoriae
491 1548 526 1626 δ’
543 1549 607 1626 otiu
628 1549 837 1647 ἀναίνομαι.

249 1687 321 1757 Sed
336 1688 537 1757 veniendum
555 1689 623 1757 iam
645 1700 694 1757 est
715 1687 760 1757 ad
779 1692 884 1759 alium
901 1708 999 1757 usum
1019 1682 1259 1778 particularum

145 1784 200 1886 μή
224 1789 288 1880 οὔ,
324 1792 382 1880 qui
410 1792 484 1858 talis
505 1800 571 1878 est,
606 1803 643 1860 ut
669 1794 719 1861 illi
742 1795 899 1887 regulae,
933 1789 1205 1883 quamprimum
1227 1794 1261 1855 et

146 1893 342 1985 generalem
366 1894 555 1984 posuimus,
602 1918 794 1988 repugnare
821 1896 981 1964 videatur.
1039 1893 1143 1961 Hunc
1169 1890 1259 1974 dico,

145 2017 213 2085 quo
237 1990 291 2093 μή
314 1994 359 2068 οὔ
381 1998 481 2065 etiam
502 2020 579 2067 cum
599 1999 760 2067 infinitivo
783 2008 816 2068 et
838 1997 1016 2091 participio
1041 1997 1173 2064 iunctae
1191 2014 1259 2060 uon

145 2099 324 2186 affirmant,
347 2101 405 2170 sed
419 2105 496 2169 eum
511 2100 721 2171 dubitatione
734 2112 869 2196 negant.
897 2102 1047 2169 Tantum
1058 2120 1140 2167 vero
1156 2096 1259 2181 abest,

143 2211 182 2271 ut
195 2203 258 2269 ista
271 2204 392 2295 regula
408 2205 474 2276 bac
486 2227 525 2273 re
538 2205 770 2292 labefactetur,
796 2215 833 2274 ut
846 2204 953 2296 magis
972 2226 1013 2271 ea
1033 2201 1258 2272 confirmetur.

143 2304 295 2375 Diximus
322 2309 412 2375 enim
435 2303 489 2402 μή
517 2306 562 2380 od
579 2333 658 2380 cum
679 2310 785 2378 verbo
803 2309 897 2376 finito
920 2309 1048 2375 iunctas
1068 2304 1257 2374 dubitanter

143 2431 284 2501 negare:
309 2409 346 2476 id
358 2433 439 2479 vero
464 2413 499 2478 in
516 2409 586 2481 boc
599 2414 674 2504 ipso
689 2436 768 2498 usu,
795 2412 840 2481 de
854 2433 926 2504 quo¹
939 2432 1028 2479 nunc
1042 2409 1197 2492 dicimus,
1212 2405 1256 2474 sic

144 2533 215 2580 esse
228 2513 420 2581 invenietur.
446 2515 546 2583 Hauc
562 2538 698 2605 quoque
712 2540 785 2584 reru
798 2516 919 2607 regula
936 2512 1084 2603 quadam
1100 2532 1256 2601 compre-

142 2605 341 2699 hendemus
370 2640 458 2705 quae
482 2616 569 2686 haec
588 2628 647 2686 est.
682 2613 753 2715 Μή
770 2617 814 2691 οὐ
830 2618 891 2685 aba·
910 2640 990 2686 cum
1009 2613 1182 2710 irfinitivo
1202 2611 1256 2681 cel

139 2718 336 2809 participio
344 2720 401 2786 vet
412 2718 508 2787 nudo
523 2721 725 2790 nominabat
739 2719 910 2790 adverbio
926 2722 979 2789 ita
988 2719 1254 2810 coniunguntur,

141 2826 181 2887 ut
206 2842 313 2886 unam
330 2823 527 2890 contineant
553 2826 799 2915 negotionem,
825 2846 894 2892 noa
917 2846 997 2892 cum
1013 2843 1054 2890 eo
1077 2818 1254 2915 infinitivo,

143 2928 206 2989 aut
224 2923 436 3015 participio,
464 2931 527 2992 aut
545 2927 700 3011 nomine,
728 2933 791 2994 aut
811 2924 982 2996 adverbio
999 2929 1253 3005 construantur,

140 3025 207 3095 aed
220 3026 256 3093 ῖιι
268 3027 385 3095 medio
408 3027 608 3116 adduntur,
633 3030 793 3122 repetitis
808 3030 1023 3122 cogitatione
1030 3024 1254 3119 praeceden-

142 3128 235 3198 titas
258 3129 391 3200 verbia:
415 3131 582 3225 ideoque,
608 3141 647 3202 nt
669 3155 750 3202 enm
770 3131 878 3202 verbo
892 3130 1005 3227 finito
1025 3134 1253 3224 constructae,

141 3231 346 3301 dubitanter
359 3244 504 3328 negant.
519 3237 597 3305 Vno
606 3236 696 3307 banc
709 3260 782 3305 rem
797 3237 954 3327 exemplo
969 3236 1107 3327 planam
1121 3231 1254 3314 faciam,

141 3334 208 3402 alia
233 3335 356 3404 deinde
378 3339 478 3428 plura
499 3341 689 3424 addituruS,
724 3338 769 3406 ad
792 3338 1016 3407 differentiam
1036 3338 1124 3404 inter
1147 3327 1202 3431 μή
1223 3340 1255 3401 et

140 3432 194 3533 μή
213 3437 259 3510 οὔ
279 3438 527 3510 declarandam.
578 3441 824 3511 Demosthenes
851 3443 895 3510 de
918 3442 1003 3509 falsa
1023 3439 1200 3531 legatione
1220 3460 1253 3528 p.

71 3535 231 3624 224379,
258 3540 293 3609 ii.
318 3549 362 3614 αἵ
374 3571 415 3615 τε
430 3537 551 3624 πόλεις
568 3543 696 3617 πολλαί
716 3543 775 3615 καί
797 3544 948 3632 χαλεπαί
962 3548 1101 3635 λαβεῖν,
1129 3548 1169 3614 αἱ
1183 3540 1253 3614 τοῖν

140 3644 312 3734 Φωκέων,
355 3639 409 3740 pr}
437 3643 481 3718 οά
510 3640 626 3742 χρόνῳ
652 3646 712 3718 καί
740 3650 941 3741 πολιορκίᾳ.
1007 3645 1076 3713 Ηὶο
1109 3638 1163 3740 μή
1196 3641 1252 3730 οὔ,

137 3749 264 3837 pariter
277 3756 378 3836 atque
392 3748 427 3815 in
441 3750 579 3818 caeteris
599 3751 699 3819 buius
723 3750 854 3816 formae
876 3750 1056 3840 exemplis,
1081 3748 1117 3815 iu
1140 3746 1252 3815 medio

139 3850 291 3918 additum
312 3860 379 3935 est,
405 3862 442 3919 ut
459 3848 500 3924 εὖ
518 3848 590 3924 οἶδ’
606 3852 687 3940 ότι,
714 3863 748 3919 et
760 3852 895 3936 similia,
921 3854 967 3919 ita
989 3862 1026 3920 nt
1045 3853 1150 3942 plena
1176 3871 1253 3918 ora-

3 4027 6 4034 ,
138 3953 185 4019 tio
208 3953 296 4023 baec
318 3955 373 4021 sit:
408 3960 448 4026 αἱ
469 3948 590 4034 πόλεις
614 3954 743 4028 πολλαί
769 3954 829 4026 καί
853 3956 1006 4044 χαλεπαί
1029 3959 1171 4049 λαβεῖν·
1201 3944 1254 4046 μή

141 4051 183 4126 οί
204 4049 320 4152 χρόνῳ
346 4055 404 4128 καί
431 4055 622 4151 πολιορκίᾳ
646 4055 798 4146 χαλεπαί
826 4062 950 4150 λαβεῖν
979 4053 1065 4130 aior:
1104 4058 1189 4127 vide
1209 4078 1257 4125 ae

140 4157 214 4226 sino
228 4179 331 4227 moro
346 4167 380 4228 et
395 4157 575 4230 obsidione
592 4158 761 4257 difficiles
777 4169 994 4254 expugnatu·
1008 4162 1087 4230 sint.
