2826 4904
188 304 241 366 DE
262 303 503 372 intentato
525 299 860 365 ctrvffltsmaa
881 293 1102 367 sorflocm.
1158 309 1201 371 ol

80 485 220 547 stamar
237 484 368 570 poetae
388 477 526 570 tragici
541 475 781 562 tradiderunt,
814 483 889 544 tum
903 476 978 562 aiii,
1000 483 1074 544 tum
1089 477 1201 570 inpri-

81 583 153 651 mis
166 579 360 674 Sophocles
372 581 408 648 iu
431 579 725 670 Clytaemnestra,
756 579 892 653 inedita
911 578 1034 649 adhuc
1050 586 1200 674 tragoe-

82 685 166 770 dia,
194 684 294 752 cuius
314 684 479 753 tricentos
499 694 623 751 verare
639 680 837 768 Matthaei,
863 680 1054 752 Musarum
1068 683 1129 752 ille
1141 706 1200 754 so·

81 788 235 882 epitatus·
259 784 543 871 Illustriaeimua,
559 807 663 878 μονον
675 793 726 854 est
741 806 880 854 mmma
897 786 971 853 eius
990 784 1199 875 liberalitas,

81 911 220 958 mecam
233 890 508 958 coruumuicatus
521 895 581 956 eet.
633 888 834 980 Prologum
848 889 931 980 agit
949 887 1145 980 Tisiphone,
1165 898 1200 960 et

80 995 174 1062 iuter
188 992 313 1062 uarias
323 993 406 1065 tuac
420 1013 568 1061 caumas
581 990 689 1059 etiam
701 990 796 1060 hunc
810 998 1080 1060 commemorat.-

186 1139 257 1240 ἀφ’
274 1141 320 1218 οὖ
330 1140 368 1238 γ’
382 1147 513 1224 ἐκεῖνος
528 1142 806 1234 δυςνυχέονοτος
816 1143 929 1240 γέρων

184 1244 301 1344 ἧψησ’
317 1247 453 1320 ἑαυτοῦ
466 1249 596 1327 παῖδας
610 1237 720 1326 θεοὺς
731 1240 852 1341 λαβών
866 1247 997 1337 ξένους,

186 1350 246 1423 uui
262 1348 371 1423 doiueu
388 1345 513 1431 adroic
527 1346 675 1422 παιδίου
691 1355 820 1444 φαγεῖν
832 1341 941 1449 adiu.

27 1508 32 1526 “
81 1499 900 1596 Sperureetiamviriucuupurubiliameiuesit,
922 1500 1198 1574 breviilludele-

78 1606 284 1701 gamissimi
306 1613 439 1699 poetae
450 1605 707 1699 fragmentum
729 1626 775 1672 ea·
797 1603 950 1674 tenebris
968 1607 1200 1697 proditurum

80 1730 167 1779 ease.
226 1708 306 1793 Quo
326 1709 454 1806 avidius
476 1716 653 1805 expectent
673 1707 764 1776 hanc
784 1706 966 1774 editionem
990 1709 1199 1778 Graecarum

80 1813 266 1881 litterarum
280 1822 438 1898 amantes,
455 1813 595 1879 brevem
608 1810 675 1879 hic
683 1811 752 1878 eius
765 1811 918 1878 notitiam
929 1811 1107 1880 dabimus.
1123 1815 1157 1882 N
1158 1835 1199 1880 0-

79 1917 133 1984 bis
149 1917 238 1983 enim
249 1916 338 1984 illud
354 1915 496 1983 innotuit
509 1937 528 1981 e
542 1913 618 1983 cod.
635 1913 866 1983 bibliothecae
876 1915 1113 2008 Augustanae,
1139 1917 1199 2006 qui

80 2019 172 2086 estin
185 2020 343 2111 catalogo
358 2021 490 2088 Reiseri
502 2041 539 2110 p.
555 2015 653 2085 tan.
662 2015 711 2102 9.,
724 2019 760 2086 in
773 2040 841 2105 quo
853 2019 1198 2110 complectiturquin-

78 2144 148 2210 quc
165 2123 249 2189 folia
265 2133 297 2192 et
314 2122 523 2191 dimidiatam
536 2122 709 2213 paginam.
758 2120 814 2188 lbi
827 2144 952 2206 versus,
967 2123 1196 2210 quosLobec-

77 2223 157 2317 kias
179 2225 304 2310 attulit,
328 2248 397 2292 non
416 2224 541 2314 procul
565 2225 608 2289 ab
623 2224 717 2288 initio
738 2219 909 2310 leguntur.
962 2223 1065 2290 lnhis
1084 2220 1198 2322 ἥψη’σ’

77 2324 220 2400 ἑαυτοῦ
233 2335 268 2392 ct
287 2324 347 2397 uui
364 2325 473 2397 δῶκεν
487 2323 590 2391 facile
606 2323 679 2410 quis
691 2323 859 2411 imperitia
874 2324 1001 2392 librarii
1014 2347 1080 2417 pro
1096 2322 1197 2423 ἥψη-

79 2455 144 2502 ocu
172 2424 292 2500 uu‘uod
313 2435 346 2494 et
363 2423 520 2499 νοῖδωκιν
541 2426 665 2516 scripta
684 2434 827 2494 censeat.
880 2427 1025 2495 Gravior
1046 2429 1197 2517 quaestio

80 2539 142 2616 est,
166 2552 228 2598 cur
241 2530 519 2619 δυςτυχέστατος
529 2528 641 2618 potius
657 2551 760 2616 qnam
773 2530 1054 2623 δυσσεβέστατος
1068 2531 1199 2598 dicatm

79 2633 251 2704 Tantalus.
304 2631 442 2701 Scilicet
463 2631 674 2721 Sophocles,
703 2631 792 2699 bene
813 2653 938 2722 gnarus
963 2633 1197 2724 δυςτυχίανίη

79 2737 259 2828 tragoedia
276 2735 321 2802 ab
342 2734 522 2803 Aristotele
545 2734 688 2824 requiri,
717 2734 881 2802 maiorem
894 2736 1025 2827 putavit
1038 2728 1212 2805 facinoris

81 2841 291 2908 atrocitatem
304 2861 385 2924 esse,
402 2838 427 2904 si
442 2836 480 2904 id
493 2837 588 2927 quod
601 2839 662 2906 illo
674 2839 800 2906 scelere
813 2848 899 2906 esset
905 2839 1076 2926 effectum,
1092 2865 1196 2931 quam

81 2943 109 3009 si
122 2944 232 3033 ipsum
247 2943 356 3011 scelus
371 2941 566 3009 nominaret.
617 2941 727 3010 Aliter
739 2941 840 3008 etiam
864 2938 1125 3032 εὐτυχέστατος
1140 2945 1195 3012 di-

81 3067 160 3114 cere
174 3055 325 3136 poterat:
348 3044 431 3112 felix
439 3046 527 3112 enim
535 3054 606 3112 erat
613 3044 786 3130 TantaluS,
801 3046 894 3113 cuius
910 3045 1029 3130 filium,
1044 3047 1196 3135 quamvis

80 3158 263 3218 mactatum
279 3157 313 3215 et
331 3149 464 3232 elixum,
485 3147 532 3214 dii
545 3149 581 3215 in
595 3147 696 3215 vitam
707 3157 929 3217 revocassent.
980 3148 1068 3214 Mox
1082 3151 1196 3245 γέρων

78 3273 218 3343 quoque
239 3250 363 3335 habet,
387 3251 422 3317 in
435 3271 504 3338 qno
520 3251 594 3339 quis
609 3250 757 3318 haereat.
809 3249 952 3340 Quippe
968 3259 1025 3316 aut
1037 3249 1107 3317 hoc
1132 3274 1195 3319 vo-

79 3352 143 3422 luit
159 3354 352 3446 Sophocles
374 3353 542 3438 indicare,
569 3352 628 3418 illa
642 3360 843 3444 tempestate
854 3352 1008 3433 homines
1025 3353 1195 3422 robustio-

79 3480 134 3525 res
155 3458 271 3545 fuisse,
307 3466 345 3526 ut
366 3456 467 3524 etiam
479 3455 707 3547 provectiores
723 3463 832 3523 aetate
846 3456 959 3523 liberis
973 3458 1195 3547 procreandis

79 3581 222 3650 operam
245 3560 326 3628 dare
342 3569 493 3650 possent:
525 3581 612 3650 puer
628 3559 715 3628 enim
732 3558 859 3648 Pelops
875 3570 956 3646 erat,
978 3583 1042 3630 nec
1054 3572 1195 3652 repente

79 3664 437 3733 consenuitTantalus:
464 3671 532 3750 aot,
546 3661 640 3751 qnod
651 3663 860 3752 probabilius
871 3674 930 3749 est,
948 3664 1195 3733 Homerimorc

77 3767 194 3861 γέρων
207 3767 390 3836 dicitnrvir
403 3766 592 3857 primarius,
617 3766 676 3854 qui
691 3765 779 3832 bibit
790 3765 981 3862 γερούσιον
997 3761 1107 3839 οἶνον.
1139 3766 1195 3835 Αο

77 3879 197 3938 notum
224 3879 291 3957 est,
322 3871 431 3939 multa
457 3892 499 3939 ex
528 3870 682 3937 Homero
708 3869 857 3935 furatum
879 3892 949 3937 esse
971 3865 1193 3957 Sophoclem.

78 3971 191 4041 Docta
206 3996 288 4043 mox
302 3973 450 4064 sequitur
465 3981 499 4041 et
514 3971 672 4040 addenda
683 3971 797 4040 lexicis
809 3972 938 4041 locutio
952 3964 1061 4050 θεους
1072 3964 1193 4064 λοβῶν

78 4077 217 4167 ξένους,
243 4077 338 4166 qnod
356 4097 549 4160 monemus,
582 4098 626 4142 ne
649 4075 722 4164 quis
740 4074 828 4142 forte
852 4065 971 4163 λαχών
993 4095 1057 4164 pro
1072 4067 1192 4169 λοβῶν

76 4180 293 4250 scribendum
307 4187 414 4273 putet.
449 4179 490 4247 In
505 4178 622 4246 ultimo
636 4200 734 4246 versu
747 4176 841 4267 quod
854 4176 1057 4245 vocabulum
1072 4199 1194 4248 occur-

76 4285 139 4371 rit,
163 4283 334 4375 παιδίον,
360 4281 580 4357 idfamiliaris
594 4282 682 4350 vitae
699 4304 771 4350 esse
790 4280 1012 4372 putabamus,
1045 4302 1111 4354 neo
1137 4281 1193 4350 di-
