2826 4904
423 302 483 361 DE
509 302 793 362 PRONOMINE
824 305 997 365 ΑΤΤΟΣ.
1165 298 1168 303 ’
1204 304 1267 368 811

211 505 214 509 ’
255 466 427 560 dudum,
454 469 589 569 ἦμοίλα
607 467 651 569 δη
665 459 957 569 κρατερόφρονος
979 466 1110 568 οίνδρός
1127 475 1166 546 ἑν
1184 468 1269 569 εὐνῇ

254 572 389 666 ἤθελον
405 571 626 671 εὐνηθῆναι,
653 570 837 657 οἷνοίλιιδες
854 572 959 648 αὐτοί
975 569 1102 654 ἐόντες.

150 693 528 878 Soelo4g⁰distuguuntur
540 713 580 797 ii,
606 712 806 801 quibuscum
823 713 940 803 aliquis
958 735 1030 781 esse
1042 712 1145 780 solet:
1170 708 1266 779 Iliad.

152 838 180 882 ε.
285 862 293 877 .

82 952 85 958 ·
253 912 299 994 οἷς
315 909 445 1004 είκοίν,
473 909 581 996 αὐτοῖς
596 916 664 1010 μὲν
681 917 826 1010 ἐφέζετο
851 911 1035 1011 Περγάμῳ
1053 915 1164 1012 ἄκρη·

216 1116 242 1185 4
259 1013 383 1114 Τρωνίς
400 1020 439 1092 δὲ
454 1018 576 1109 στίχας
592 1015 696 1100 οὖλος
707 1018 821 1116 “Anne
835 1018 971 1115 οίιρονε
996 1012 1197 1112 μετελθών.

150 1128 191 1192 θ·
243 1168 251 1184 ·
337 1186 341 1192 .

210 1215 364 1391 3θαγίτός
378 1224 421 1296 δέ
432 1220 497 1318 αφ’
513 1217 678 1321 οίγόρεοε,
700 1222 783 1298 θεοί
797 1220 834 1297 δ’
854 1220 932 1317 ἅμα
949 1215 1081 1304 πάντες
1097 1220 1239 1296 οίκοοον.

150 1350 184 1396 τι
289 1373 297 1389 0

254 1421 367 1521 αὐτόν
391 1424 427 1500 δ’
450 1424 545 1523 α’μρί
559 1430 723 1526 γέροντες
744 1425 905 1519 Ἀχαιῶν
919 1423 1140 1525 ἠγερέθοντο
1147 1480 1161 1514 ,

149 1563 210 1631 uu
232 1562 384 1633 nonnos
412 1590 433 1633 a
460 1530 679 1635 fontianus
705 1566 769 1634 suis
800 1564 1020 1657 distinguitur.
1079 1564 1149 1651 Aut
1178 1584 1265 1652 quae

148 1666 240 1737 circo
258 1676 346 1734 sunt:
373 1666 442 1736 0d.
462 1696 494 1760 γ.
516 1669 601 1736 no.

251 1830 273 1899 η
261 1796 505 1897 καθύπερθε
519 1801 633 1875 Χίοιο
652 1799 830 1927 νεοίμεθα
852 1800 1113 1930 ηαιπαλρίρσης
1121 1855 1136 1891 ,

248 1898 360 2002 νηόοο
374 1909 431 1977 ἐπι
424 1904 599 2002 Ψυρίης,
626 1897 741 2000 αὐτην
759 1900 818 1977 ἐπ’
846 1899 1010 2002 αριστί’ρ
1037 1905 1188 1994 ἔχοντες,

144 2039 284 2210 ἓγιγιγαι.
336 2042 398 2110 Est
420 2040 538 2127 etiam,
564 2041 624 2110 uhi
644 2049 754 2110 totum
775 2042 863 2134 porti
885 2041 1082 2132 opponitur:
1107 2039 1205 2108 Iliad.
1229 2066 1262 2136 η

177 2328 182 2337 .
250 2242 353 2316 αλλοι
369 2245 448 2317 δε
426 2269 556 2341 ρινοις,
582 2241 746 2317 ἅλλοιδ
768 2241 899 2341 αὐτῇσι
921 2240 1082 2338 βόεσσιν.
1167 2273 1168 2276 ’

147 2380 240 2466 Quin
258 2401 321 2470 per
340 2379 433 2446 idem
452 2402 641 2471 pronomen
664 2381 785 2450 eadem
806 2403 952 2472 persona
972 2382 1103 2450 sibimet
1115 2379 1181 2471 ipsi
1195 2402 1261 2472 op-

146 2483 301 2574 ponitur,
326 2483 550 2571 nequidem,
578 2492 617 2551 ut
639 2484 767 2572 aliquid
791 2485 872 2551 alius
894 2485 943 2552 rei
962 2485 1174 2568 adiumento,
1200 2484 1263 2550 ali-

147 2587 231 2675 quid
254 2588 328 2676 ipsa
348 2587 461 2655 facere
483 2587 621 2654 dicatur.
672 2587 760 2655 Vide
776 2587 875 2655 Iliad.
897 2597 935 2658 θ.
958 2583 1018 2655 λδ.
1037 2613 1069 2684 ρ.
1091 2585 1152 2657 48.
1204 2585 1263 2652 ln-

147 2690 280 2756 terdum
304 2689 424 2780 paullo
446 2691 636 2776 obscurior,
661 2699 699 2757 ut
725 2686 793 2759 od.
820 2699 846 2775 ζ.
875 2684 960 2758 328.

558 2810 629 2883 τοῦ
652 2806 688 2882 δ’
711 2810 810 2882 ἔκλυε
830 2804 978 2890 Πολλοῖς
999 2801 1156 2908 Ἀθήνη·

250 2908 352 3008 αὐτῷ
375 2908 410 2985 δ’
434 2910 532 2985 οὔπω
560 2908 704 3008 φαίνετ’
731 2911 887 3009 ἐναντίη.

147 3048 282 3118 Preces
299 3050 388 3135 eius,
410 3050 535 3138 inquit,
563 3051 719 3119 audivit:
744 3051 812 3141 ipsi
835 3072 919 3119 vero
943 3072 1012 3118 non
1035 3056 1087 3118 eet
1111 3071 1202 3119 ausa
1225 3050 1261 3118 ιἰε

146 3160 368 3246 conspectum
387 3144 514 3219 venire.
540 3154 635 3219 ltiad.
659 3181 682 3223 ι.
706 3151 794 3222 449.

248 3286 286 3368 ὅς
302 3315 368 3380 μοι
383 3287 596 3367 παλλακίδος
614 3289 696 3382 πέρι
719 3280 861 3374 χοίσατο
882 3280 1131 3376 καλλικόμοιο,

246 3385 314 3486 την
331 3385 439 3469 αὐτός
457 3391 657 3485 φιλεέσκενλ

146 3530 223 3620 ipse
247 3536 328 3595 ‘eom
347 3525 515 3611 amabat,
541 3548 651 3619 neque
667 3523 714 3594 ab
734 3523 815 3593 aliis
836 3524 976 3594 οολολιαλ
996 3526 1125 3598 umori.

671 3713 732 3780 111.

214 3843 323 3929 Αύκὸς
343 3847 498 3930 significat
519 3847 582 3920 vel,
604 3847 691 3921 odeo,
712 3810 824 3948 ελελίγα.
866 3843 992 3907 [micat
1012 3845 1187 3907 caritatem

535 3891 728 3993 Αίίοενίιίίαη
751 3925 864 3994 αὐτοῦ.
1290 3933 1294 3944 “

249 4055 328 4122 Alia
340 4055 424 4120 ratio
447 4064 513 4139 est,
538 4077 643 4142 quum
657 4054 740 4143 quid
760 4061 959 4144 propterea,
984 4052 1063 4142 quia
1079 4052 1134 4121 vel
1148 4053 1258 4121 omni-

143 4180 209 4244 no,
242 4158 298 4226 vel
322 4180 388 4248 pro
415 4157 579 4247 praesenti
609 4180 720 4226 rerum
744 4168 830 4225 statu
858 4159 1079 4247 praecipuum
1099 4156 1305 4247 λελάληκα

148 4262 191 4329 ab
206 4262 278 4329 aliis
294 4262 393 4329 rebus
407 4261 628 4352 distinguitur.
679 4260 775 4330 lliod.
793 4270 818 4346 ζ.
836 4255 922 4328 450.
1017 4326 1021 4335 ,
1152 4326 1156 4336 ,
