2826 4904
275 295 460 360 ruosuu
486 297 545 361 rr
573 296 812 360 rourrouu
840 249 1116 360 onurrours.
1209 304 1254 366 so

136 473 305 560 feruutur,
337 470 512 560 quomodo
535 469 624 557 hoc,
649 480 683 543 et
702 471 822 559 quibus
840 472 959 540 mentis
977 472 1118 557 vinhus,
1144 481 1178 541 et
1191 496 1254 563 per

139 599 223 664 quas
241 574 559 664 comprehensiones
579 575 648 640 fiat.
699 574 819 641 Facile
833 576 920 642 enirn
943 575 1159 666 inteiiigitur,
1184 588 1254 643 tam

139 679 270 746 diversa
292 679 407 746 officia
429 699 498 745 non
521 679 629 746 solum
643 676 777 745 diversis
794 678 893 744 animi
910 678 1034 745 viribus
1050 678 1171 769 peragi
1191 677 1255 746 de-

137 784 239 866 bere,
279 781 341 849 sed
369 803 477 872 genus
508 802 646 869 quoque
675 780 1015 871 comprehensiouum
1048 781 1141 848 aliud
1173 803 1254 866 esse,

137 906 209 972 quo
226 907 279 952 res
294 893 460 969 externas,
486 884 595 970 aliud,
622 905 691 971 quo
708 883 809 950 animi
823 884 927 951 nostri
946 893 1068 951 statum
1083 877 1255 973 percipis-

119 991 224 1055 'mus
281 988 394 1075 Atque
413 986 499 1055 illud
517 986 655 1076 quidem
677 987 711 1052 in
735 996 899 1077 promptu
919 995 985 1071 est,
1016 985 1254 1076 perceptiones

137 1090 258 1158 mentis
288 1091 334 1157 ad
368 1113 421 1157 res
452 1100 602 1157 externas
634 1112 698 1181 per
725 1089 950 1173 intellectum,
990 1100 1024 1156 et
1043 1113 1130 1178 quae
1153 1088 1254 1156 huius

136 1193 299 1285 propriae
318 1203 395 1260 sunt
413 1193 582 1276 notioueS,
611 1193 740 1260 referri.
799 1191 913 1276 Quare
939 1191 1167 1283 cognoscendi
1193 1215 1255 1260 ue·

137 1298 274 1388 gotirun
291 1305 399 1363 toturn
421 1295 456 1363 in
480 1295 669 1362 notionibus
692 1296 779 1364 inter
797 1318 833 1362 se
851 1297 1085 1386 comparandis
1103 1296 1253 1386 positum

138 1408 199 1467 est
251 1398 356 1483 Quod
382 1400 411 1466 si
428 1422 545 1467 verum
566 1407 614 1467 est
630 1398 734 1483 illud,
760 1398 854 1487 quod
868 1422 969 1488 supra
983 1399 1142 1483 diximus,
1168 1402 1274 1489 pro·'

139 1525 197 1570 sae
215 1503 370 1570 orationis
386 1511 537 1569 naturam
560 1503 687 1570 censeri
708 1504 900 1594 cognitione
915 1502 1160 1593 comparanda,
1185 1522 1255 1568 non

136 1605 266 1697 poterit
286 1607 345 1673 iila
364 1629 433 1672 non
456 1606 662 1675 intellectum
684 1607 904 1694 notioresque
925 1605 989 1672 sibi
1011 1605 1166 1694 proprias
1179 1604 1253 1671 viu—

139 1708 263 1776 dicare.
316 1709 388 1778 Sed
400 1709 470 1779 hoc
488 1695 624 1798 quidem
637 1719 708 1776 tam
724 1710 852 1776 clarum
866 1717 931 1792 est,
958 1718 996 1775 ut
1010 1706 1254 1775 dubitationem

138 1833 275 1879 omnem
317 1813 484 1881 excludat.
556 1811 738 1879 Difficilior
770 1812 814 1880 de
847 1812 944 1903 poesi
978 1809 1158 1902 disputatio
1194 1817 1252 1876 est

136 1914 253 1982 Poesis
267 1915 356 1983 enim
378 1939 482 2004 quum
497 1937 565 1981 non
581 1914 751 1984 adrerum
768 1915 1012 2006 cognitionem,
1039 1914 1097 1982 sed
1113 1913 1159 1981 ad
1181 1913 1255 1981 aui-

135 2017 186 2084 mi
208 2026 330 2086 statum
360 2028 506 2109 spectet,
544 2042 656 2108 neque
682 2018 727 2086 ad
754 2019 961 2088 intellectum
987 2016 1105 2086 referri
1131 2027 1254 2108 potest,

140 2143 254 2208 neque
275 2124 309 2188 in
327 2124 500 2189 notionum
521 2125 720 2191 tractatione
741 2132 776 2189 et
790 2124 1042 2210 comparatione
1057 2120 1260 2207 versabitur,

134 2224 220 2310 quia
234 2223 270 2288 in
282 2223 336 2287 his
354 2225 458 2306 nihil,
483 2224 577 2309 quod
592 2214 636 2289 ad
660 2223 762 2289 animi
774 2245 905 2288 sensum
919 2223 1102 2310 pertineat,
1125 2220 1256 2310 reperi·

133 2334 205 2391 tur.
256 2323 376 2390 Nihilo
390 2334 504 2390 tamen
517 2325 625 2390 minus
643 2323 766 2414 poesin
784 2333 818 2389 et
830 2324 967 2391 easdem
979 2346 1032 2392 res
1044 2332 1186 2393 tractare
1203 2322 1257 2390 vi·

138 2426 277 2510 demus,
304 2414 387 2514 quas
406 2446 510 2515 prosa
530 2426 680 2494 oratione
703 2447 871 2516 exponere
885 2427 984 2510 licet,
1013 2436 1047 2495 et
1067 2414 1190 2493 notitiis
1206 2424 1258 2493 uti

136 2528 274 2613 iisdem,
300 2530 421 2618 quibus
433 2529 467 2596 in
483 2551 586 2620 prosa
601 2551 737 2618 quoque
751 2531 902 2596 oratione
915 2517 1012 2597 locus
1030 2539 1087 2596 est.
1140 2530 1284 2613 Quarett

136 2631 224 2698 iilud
252 2655 414 2719 quaerere
440 2632 634 2723 oportebit,
660 2631 719 2721 qui
743 2633 821 2717 fiat,
847 2642 884 2698 ut
911 2654 1024 2700 rerum
1051 2632 1189 2699 notitiae
1214 2653 1256 2702 ac

136 2737 373 2826 perceptiones
394 2758 462 2803 non
484 2734 529 2803 ad
549 2757 603 2802 res
624 2746 792 2821 externaS,
810 2766 816 2779 ·
831 2734 892 2802 sed
920 2735 965 2802 ad
996 2734 1096 2802 animi
1123 2756 1255 2802 sensum

136 2837 257 2905 referri
270 2841 408 2929 possint
459 2839 512 2908 Ea
524 2861 605 2907 vero
619 2839 795 2931 praeclara
807 2846 857 2905 est
870 2859 910 2906 ac
927 2838 1038 2906 divina
1057 2838 1255 2929 phantasiae

139 2940 206 3025 vis,
232 2964 318 3029 quae
339 2942 475 3010 easdem
487 2943 588 3010 animi
601 2943 854 3034 perceptiones,
880 2964 963 3030 quas
983 2943 1170 3011 intellectus
1190 2962 1255 3031 pcr

137 3043 291 3113 notiones
314 3045 359 3113 ad
381 3068 434 3114 res
454 3056 603 3114 externas
631 3046 750 3132 refert,
780 3068 843 3136 per
870 3068 943 3112 suas
970 3046 1134 3134 quasdam
1161 3045 1255 3114 ideas

121 3147 203 3237 (ita
228 3150 317 3216 euim
342 3149 517 3237 appellare
537 3150 654 3239 liceat)
681 3149 727 3215 ad
755 3148 966 3217 excitandum
996 3148 1098 3216 animi
1122 3167 1255 3213 sensum

138 3248 279 3318 idoneas
307 3251 428 3320 reddit.
479 3253 564 3320 Sunt
584 3261 695 3319 autem
716 3250 802 3335 hae,
836 3273 918 3338 quas
939 3249 1034 3318 ideas
1057 3249 1256 3338 phantasiae

139 3374 317 3438 vocamus,
342 3351 528 3422 notatiories
553 3353 721 3442 quaedam
744 3375 878 3436 eorum,
905 3353 1043 3439 quaein
1064 3349 1198 3440 quaqu'e
1216 3375 1255 3421 re

138 3466 275 3546 praeter
291 3458 462 3524 notionem
477 3457 546 3524 eius
557 3457 683 3525 insunt:
704 3478 792 3544 quae
811 3456 925 3522 sitam
939 3456 1065 3541 multa,
1090 3465 1160 3523 tam
1180 3480 1256 3524 ma·

140 3583 226 3652 gna,
254 3571 323 3627 tam
339 3561 431 3627 varia
445 3571 537 3646 sunt,
563 3571 600 3628 ut
617 3568 707 3629 certa
721 3560 835 3644 notio,
861 3559 980 3648 quibus
991 3585 1031 3629 ea
1046 3560 1256 3649 complecta-

138 3684 232 3746 mur,
259 3664 398 3732 inveniri
418 3673 579 3752 nequeat,
608 3665 752 3733 excitant
770 3662 838 3731 hac
855 3663 1013 3731 materiae
1028 3663 1128 3751 copia
1148 3670 1182 3728 et
1193 3683 1255 3727 va·

138 3765 257 3835 rietate
298 3768 463 3855 animum,
510 3777 548 3834 ut
590 3769 625 3834 in
664 3767 702 3833 iis
729 3767 964 3856 comparandis
1000 3763 1256 3851 iudicandisquo

137 3869 225 3936 vires
265 3893 338 3938 suas
378 3871 579 3960 experiatur.
646 3870 744 3952 Quae
771 3871 890 3938 virium
930 3868 1031 3936 animi
1065 3867 1255 3935 exercitatio

138 3972 219 4061 quia
245 3975 341 4042 certis
362 3974 552 4040 notionibus
570 3973 727 4041 destituta
750 3982 816 4059 est,
847 3972 932 4038 nihil
952 3971 1014 4038 nisi
1034 3992 1165 4036 sensum
1190 3971 1255 4039 ali·

138 4096 242 4163 quem
277 4077 398 4144 virium
435 4062 570 4142 illarum
604 4097 787 4165 procreare
815 4082 937 4165 potest.
997 4073 1095 4140 Haec
1118 4095 1255 4169 quoque
1374 4121 1380 4129 -

139 4180 305 4270 exemplis
346 4179 517 4247 illustrare
544 4178 669 4269 placet
733 4177 930 4249 Mnasalcae
963 4176 1175 4269 epigramma
1206 4190 1255 4249 est

137 4279 244 4353 hocz.
