2826 4904
462 321 510 383 IN
538 318 733 391 GRAECA
754 319 947 384 LINGVA.
1010 314 1014 321 ’
1199 325 1262 388 181

145 486 422 583 lavaturam,
442 490 545 585 133.
580 493 904 586 σπλαχχνίζεσθαι,
944 490 1117 590 ἀπορεῖν,
1152 520 1262 569 ναπα-

147 602 317 691 φρονεῖν,
344 601 616 688 ἐπιμελεῐσθαι,
644 598 865 693 φροντίζειν,
892 595 978 664 139.
1006 590 1156 692 τυφλός,
1175 596 1261 666 118.

146 693 446 797 ἐνεχοράζεσθαι,
469 693 556 765 159.
588 688 888 793 ἀνερεθίζεσθαι,
923 695 1010 768 751.
1042 699 1261 773 πείθεσθαιι

145 802 267 890 quibus
287 800 414 868 infinita
444 802 545 891 copia
567 802 723 869 similium
747 805 980 893 exemplorum
1008 802 1110 872 adiici
1137 813 1262 893 posset.
1368 882 1371 889 ¹

145 905 186 972 ln
211 903 265 970 his
296 905 449 971 omnibus
478 903 632 971 formulis
664 905 759 973 nulla
787 928 829 974 ex
856 905 1106 998 praepositione
1133 906 1263 995 pendet

145 1008 330 1098 genitivus,
355 1005 415 1074 sed
439 1028 481 1076 ex
503 1028 563 1091 eo,
590 1006 684 1097 quod
699 1028 771 1098 pro
786 1009 989 1078 substantivo
1003 1009 1187 1099 genitivum
1199 1010 1263 1076 sibi

146 1111 337 1200 postulante
355 1111 497 1177 verbum
516 1111 573 1178 vel
594 1134 718 1179 nomen
739 1112 895 1200 ponitur,
918 1113 1056 1200 inquo,
1081 1112 1108 1177 si
1130 1134 1261 1180 sensum

146 1222 294 1304 spectem
318 1212 408 1280 istud
432 1235 572 1299 nomeu,
598 1213 694 1302 quod
714 1214 863 1305 genitivo
887 1213 1084 1282 adhibendo
1107 1216 1261 1284 occasio-

145 1340 225 1384 nem
241 1315 398 1402 dederat,
421 1315 517 1384 inest
568 1315 627 1386 Sic
643 1315 794 1407 ἀχαλνος
816 1313 975 1391 ἀσπίδων
990 1317 1075 1406 quid
1090 1326 1139 1385 cst
1154 1318 1259 1403 aliud,

145 1441 250 1507 quam
275 1415 363 1490 ἀνευ
385 1417 518 1509 χαλινοῦ
539 1414 723 1491 decidet?
747 1419 794 1488 sic
819 1415 919 1500 κενός
933 1448 1032 1501 τινος
1052 1428 1101 1487 est
1116 1422 1260 1513 ιε’νωμα

146 1523 235 1611 ἔχων
258 1515 368 1610 τινός.
419 1521 578 1591 Similiter
600 1520 776 1612 quomodo
799 1517 1072 1618 μιμνήσκεσθαί
1091 1549 1189 1604 τινος
1206 1524 1258 1591 in-

143 1623 253 1716 telligi
271 1623 412 1711 debeat,
441 1625 591 1695 declarat
606 1624 799 1716 Sophocles
812 1626 848 1691 ln
863 1623 952 1693 Oed.
966 1625 1011 1692 R.
1027 1622 1139 1697 1246.

296 1758 440 1860 μνήμην
461 1761 626 1834 παλαιῶν
648 1753 868 1859 σπερμάτων
887 1754 1021 1850 i'xooo'*

145 1906 178 1966 et
196 1897 231 1966 in
245 1897 383 1968 Electra
406 1920 438 1966 v.
460 1896 547 1971 392.

295 2033 382 2129 βίον
401 2035 440 2108 δὲ
455 2034 525 2108 rod
542 2025 723 2132 παρόντος
743 2028 789 2108 ori
807 2031 937 2126 μνείαν
956 2033 1047 2125 ἔχεις
1052 2065 1067 2128 ,·

143 2180 177 2240 et
202 2171 313 2256 idem,
339 2171 513 2260 quomodo
537 2168 741 2261 χολοῦσθαί
755 2194 855 2248 τινος
863 2223 876 2256 ,
900 2170 935 2234 in
956 2170 1061 2240 Aiace
1088 2169 1149 2238 41.
1205 2164 1210 2170 ’
1263 2187 1329 2277 laq
1400 2232 1404 2237 .

296 2299 389 2400 χόλῳ
405 2303 602 2401 βαρυνθείς
621 2304 695 2377 τόν
718 2302 916 2394 Αχιλλείοεν
936 2301 1065 2396 ὅπλων,

142 2453 176 2515 et
199 2444 235 2512 in
254 2441 449 2512 Philocteta
472 2463 505 2509 v.
522 2438 608 2509 327.

217 2555 220 2559 .
576 2571 1048 2674 τίνοςχάράδεπόνμεχαν

293 2679 402 2776 χόλον
418 2677 504 2756 κατ’
519 2675 640 2754 αὐτῶν
658 2683 814 2775 ἑχναλοῖν
829 2675 1004 2770 ἐλήλυθας
1010 2709 1024 2771 ,·

140 2820 331 2912 pariterque
344 2818 527 2911 Euripides
539 2820 574 2885 in
587 2818 726 2888 Electra
738 2841 770 2887 v.
785 2815 899 2885 1210.

147 2988 149 2999 >
291 2955 402 3054 μῆνιν
424 2947 608 3052 θνχατρός
629 2951 783 3029 ἀνοσίων
806 2948 1090 3052 νομφεομάτων.

241 3160 313 3231 Sed
333 3161 371 3229 hi
393 3161 459 3252 ipsi
479 3159 663 3252 Sophoclis
686 3170 789 3249 atque
800 3162 971 3251 Euripidis
994 3183 1107 3229 versus
1125 3158 1171 3225 ad
1185 3159 1252 3226 bo·
1340 3220 1349 3231 .

138 3289 217 3335 uam
240 3288 303 3333 uos
328 3264 595 3332 observationem
618 3263 752 3332 ducent.
803 3265 893 3331 Nam
918 3262 1001 3350 quid
1033 3271 1097 3346 est,
1132 3282 1193 3328 our
1217 3262 1252 3328 in

138 3370 344 3460 tragicorum
363 3386 515 3434 sermone
534 3360 642 3456 χόλον
665 3362 784 3438 ὅπλων
806 3375 839 3430 et
859 3364 971 3458 μῆνιν
981 3355 1251 3457 νυμφενμάτων

137 3493 207 3539 non
237 3472 333 3539 aliter
358 3469 530 3559 iungenda
554 3467 748 3552 videantur,
782 3488 885 3554 quam
906 3466 1017 3562 μῆνιν
1041 3458 1249 3561 Πρίηϊάδεω

137 3570 324 3664 ’Aprilium
372 3571 465 3662 apud
493 3573 684 3640 Homerum
714 3577 845 3654 autem,
890 3568 996 3659 longe
1029 3569 1251 3656 antiquiorem

135 3686 296 3767 poetam,
321 3675 467 3764 ideoque
483 3674 665 3766 originibus
679 3672 917 3756 formulamm‚
944 3694 1027 3759 quas
1049 3691 1150 3759 supra
1170 3669 1250 3734 teti-

134 3781 264 3871 gimus,
308 3779 523 3869 propiorem,
565 3775 776 3866 repudianda
816 3777 858 3844 sit
894 3775 983 3844 haee
1020 3770 1249 3843 constructio?

134 3883 233 3951 Iliad.
248 3882 342 3951 VIII.
367 3880 454 3949 916.

231 4016 395 4116 Ἕκτορα
410 4013 446 4090 δ’
468 4008 572 4090 αἰνόν
587 4011 673 4106 ἀχος
692 4008 850 4090 πύκασεν
866 4013 997 4113 φρένας
1015 4006 1195 4109 ἡνιόχοιο,

135 4165 170 4229 et
191 4155 251 4228 lV.
276 4151 362 4224 169.

240 4288 332 4368 ἀλλά
353 4317 419 4390 μοι
442 4283 545 4366 αἰνόν
562 4287 648 4382 ἄχος
666 4289 774 4368 otoo
792 4290 948 4382 ἔσσεται,
975 4284 1193 4367 villicatione
