2826 4904
104 260 107 264 ’
179 279 233 344 ΒΕ
252 276 357 342 vultu
383 271 1252 355 va.outu011ucusaxov0u1uu10lnr.rr

139 451 452 544 sequuntnrcolligi
463 458 592 542 potest.
615 442 876 546 πολίσίγαρ
830 477 895 524 σαν
908 451 1252 574 ι’γχιιρσῦσινίκφί-

140 581 242 652 0⁸1²,
276 553 299 651 ἢ
318 582 369 653 μη
392 553 472 647 ἅμα
497 550 660 650 συμβῇ
637 583 658 643 η
679 580 722 627 τι
741 551 862 635 adesos
882 549 1020 646 γνάθοι
1040 555 1100 628 καί
1122 551 1252 653 nuptie
1355 568 1358 573 '

139 655 242 734 αἶνον
256 652 406 753 ίνφσρσί.
456 657 579 746 Neque
594 657 683 724 enim
702 655 805 725 facile
828 656 1001 727 mordicus
1024 660 1166 750 arreptis
1180 659 1253 728 fre-

137 763 188 830 nis
200 754 367 852 aufugere
380 759 489 829 solent
505 759 603 850 eqni,
628 759 692 826 nisi
706 759 741 827 in
756 758 868 850 gradu
886 759 1020 828 tolutili.
1071 760 1253 831 Caeterum

137 865 194 934 vix
227 864 392 934 credibile
417 874 482 948 est,
514 864 696 934 obscurum
715 861 817 930 fuisse
838 863 1069 953 quibusdam
1058 867 1253 993 mterpreti-

138 968 203 1037 bus
219 967 303 1055 quid
325 975 410 1034 esset
432 964 645 1061 συμβαίνειν
667 957 735 1060 τήν
747 991 789 1038 τι
806 963 932 1038 docum
944 961 1086 1060 γνάθον
1102 968 1161 1039 ναί
1181 994 1250 1066 νην

138 1096 230 1166 προς
245 1065 342 1150 οἶνος
357 1062 526 1164 ἐκφοράν
579 1068 679 1153 Quae
699 1067 849 1135 verba
822 1090 872 1137 sic
893 1069 993 1137 vertit
1014 1069 1252 1161 Haynischius,
1382 1084 1385 1089 ·

137 1183 177 1242 ut
198 1196 275 1241 eam
297 1181 430 1262 partem
445 1171 512 1239 oris
529 1171 748 1262 intelligeret,
774 1193 862 1260 quae
875 1170 959 1241 illuc
974 1182 1160 1262 spectaret,
1181 1196 1251 1265 quo

137 1277 194 1345 via
220 1275 362 1343 domum
392 1275 543 1344 duceret.
592 1274 781 1344 Heubelius
796 1284 909 1343 antem
923 1275 1027 1366 plane
1040 1275 1123 1360 alia,
1149 1299 1253 1369 quam

137 1401 228 1470 quae
251 1378 382 1469 scripsit
398 1378 615 1470 Xenophon,
655 1378 824 1470 expressit
875 1376 953 1448 Oris
979 1388 1113 1472 partem
1133 1379 1252 1449 Xeno-

137 1481 236 1575 phon
250 1481 407 1573 intelligit
422 1504 516 1565 eam,
541 1504 644 1572 quam
666 1481 743 1548 artis
757 1480 857 1572 periti
878 1481 1088 1573 pretatione
1106 1484 1183 1574 gyri
1198 1485 1253 1552 in-

137 1586 297 1654 teriorem
313 1594 452 1671 vocant,
472 1582 514 1671 jd
529 1593 578 1654 est
591 1585 625 1652 in
639 1583 757 1652 dextro
775 1606 863 1677 gyro
877 1586 1048 1670 dextram,
1072 1585 1108 1652 in
1121 1585 1252 1653 sinistro
1397 1638 1399 1644 ,

99 1764 102 1769 Δ
137 1689 310 1759 sinistram.
370 1688 560 1757 Etenimsi
586 1687 631 1756 ad
654 1687 806 1755 dextram
833 1686 1091 1774 stabulum‘sit,
1134 1711 1253 1778 equus,

98 1874 102 1882 Ι
137 1792 288 1882 quamvis
308 1791 395 1859 duro
418 1792 460 1859 sit
483 1791 603 1860 dextro
621 1813 699 1875 ore,
733 1790 836 1860 facile
859 1790 1069 1860 dextrorsum
1087 1788 1253 1862 flectetur.

136 1895 210 1965 Sed
231 1897 259 1964 si
280 1894 445 1963 sinistam
463 1892 590 1963 habeat
611 1894 751 1979 ᾱσιιιιιι,
775 1893 871 1963 nolet
891 1893 936 1962 ad
950 1894 1082 1964 laevam
1097 1918 1133 1963 se
1147 1897 1253 1965 averti

97 1984 101 2101 Ἰ
137 1984 160 2067 d
179 1998 323 2072 stabulo.
382 1997 503 2088 Itaque
524 2024 547 2094 η
567 1995 689 2079 ἄδικος
707 1989 845 2091 raddon
864 2019 934 2066 non
954 2007 1004 2069 est
1023 1999 1067 2067 ab
1083 2021 1125 2067 ea
1143 2007 1253 2090 parte,

136 2124 206 2192 qna
220 2102 362 2171 dommn
377 2102 433 2169 via
446 2101 555 2187 ducit,
581 2101 643 2171 sed
663 2124 685 2167 a
705 2110 804 2190 parte
826 2100 996 2229 opposita.
1046 2101 1254 2171 Accedimus

134 2205 184 2274 ad
209 2204 353 2272 alterum
372 2203 610 2328 Xenophontis
639 2204 773 2271 locum.
797 2201 860 2273 ναί
882 2229 926 2321 ³1⁰
919 2196 1254 2328 μσταβαίλλισθαν

136 2304 179 2379 di
209 2298 277 2400 τήν
303 2303 479 2376 ἱππασίαν
511 2296 677 2394 ἀγαθόν,
714 2308 776 2373 ἵνα
804 2295 1016 2399 αμφότεραν
1045 2307 1085 2375 αἱ
1116 2297 1255 2398 pusidos

134 2401 231 2482 καθ’
254 2399 428 2500 ἑκάτερον
445 2403 509 2502 τῆς
534 2401 705 2483 ἱππασίας
718 2395 921 2489 ι’σσίζωνται
971 2405 1107 2474 Horum
1122 2408 1254 2475 verbo-

134 2532 213 2579 rum
241 2532 311 2577 non
336 2515 451 2598 potest
479 2507 564 2593 alins
587 2529 659 2574 esse
678 2528 808 2592 sensns,
839 2528 941 2595 quam
962 2506 1042 2594 hio,
1072 2509 1257 2602 mutatione
1368 2555 1370 2559 «

136 2613 216 2705 gyri
241 2611 351 2695 effici,
376 2618 415 2677 nt
434 2633 538 2699 equus
555 2609 590 2676 in
611 2609 729 2676 dextro
745 2608 873 2709 pariter
892 2619 994 2701 atque
1013 2611 1144 2681 sinistro
1166 2632 1255 2704 gyro

135 2725 278 2803 utraque
289 2713 427 2783 maxilla
440 2713 543 2805 facile
556 2712 657 2781 frenis
673 2721 801 2803 pareat
851 2713 1004 2784 Primum
1017 2715 1106 2784 enim
1118 2725 1255 2783 mutan-

139 2818 187 2887 do
209 2841 296 2910 gyro
319 2817 376 2903 fit,
407 2826 446 2884 ut
468 2838 573 2907 equus
592 2817 627 2884 in
649 2815 765 2884 medio
787 2837 875 2924 gyro
898 2838 967 2886 non
987 2818 1116 2886 modo
1106 2818 1255 2890 interiori
1337 2848 1339 2853 >

138 2922 253 3007 freno,
288 2920 367 3004 sed,
400 2921 531 3010 quoties
561 2919 607 2987 ad
634 2919 775 2988 alteram
797 2943 935 2989 manum
955 2921 1119 3007 flectitur,
1152 2923 1254 2991 etiam

139 3025 293 3094 exteriori
312 3045 435 3114 parere
455 3023 580 3108 discat,
614 3027 763 3113 eamque
781 3024 828 3090 ob
850 3032 1022 3110 caussam,
1054 3026 1254 3116 praesertim

137 3129 166 3219 si
179 3129 300 3202 crebro
319 3135 466 3195 mutatur
488 3149 612 3218 gyrus,
637 3149 770 3218 semper
783 3127 829 3194 ad
844 3136 1026 3216 utrumqne
1039 3126 1173 3196 frenum
1190 3127 1255 3196 de-

125 3231 220 3319 ,beat
238 3228 421 3298 attendere.
474 3229 580 3314 Quod
600 3252 704 3318 quam
724 3231 767 3312 sit
784 3231 1024 3315 necessarium,
1049 3231 1194 3299 maxime
1205 3221 1255 3296 'ad

138 3332 235 3402 usum
248 3334 351 3418 belli,
376 3353 477 3401 nemo
492 3354 562 3400 non
577 3331 754 3422 intelliget
805 3333 859 3400 Ac
873 3333 932 3421 qui
946 3354 1052 3421 equos
1071 3332 1172 3400 rudes
1184 3348 1254 3401 non
1362 3357 1364 3361 ¹

138 3438 202 3504 nisi
219 3460 327 3527 pansa
346 3436 438 3505 facta
458 3435 504 3503 ad
525 3437 666 3503 alteram
684 3444 829 3501 manum
850 3435 989 3504 tramine
1010 3435 1254 3522 adsuefaciunt,

63 3589 67 3597 -
98 3568 100 3571 ·
138 3539 241 3610 facile
263 3539 423 3623 sentiunt,
448 3540 476 3606 si
499 3537 636 3628 quando
653 3539 690 3608 in
711 3537 825 3606 medio
850 3560 948 3609 cursu
968 3562 1091 3635 gyrum
1113 3546 1254 3623 mutant,

137 3642 285 3712 titubare
298 3665 423 3732 equum
440 3664 505 3711 nec
525 3642 667 3710 firmiter
688 3641 812 3710 lineam
840 3650 965 3712 tenere.
1016 3641 1150 3712 Deinde
1172 3661 1254 3709 vero

138 3744 211 3814 hoc
227 3768 363 3836 quoque
383 3754 549 3837 spectasse
569 3744 765 3836 Xenophon
784 3745 937 3833 videtur,
965 3743 1091 3835 qnod
1081 3768 1117 3812 m
1134 3744 1256 3814 crebra

138 3849 217 3942 gyri
241 3850 443 3934 mutatione,
487 3848 583 3938 quod
614 3870 722 3949 genus
751 3850 858 3918 multo
887 3849 1009 3917 rectius
1042 3869 1146 3937 quam
1167 3846 1255 3944 πέδη

136 3947 458 4047 sohlongenschnle
475 3950 544 4022 dici
561 3960 692 4042 potest,
712 3943 874 4019 habenae
890 3952 1024 4040 aequali
1041 3947 1255 4061 longitndine

136 4056 244 4126 teneri
261 4056 404 4140 debent,
429 4075 500 4143 quo
522 4077 567 4122 ne
589 4054 737 4123 remissio
760 4055 894 4122 alterius
918 4063 975 4122 ant
995 4052 1200 4123 adductio
1177 4073 1255 4122 mo-

136 4183 210 4229 ram
232 4160 362 4228 afferat
413 4158 467 4228 Ea
488 4179 571 4228 vero
592 4180 630 4225 re
644 4179 714 4227 non
731 4158 839 4225 minus
854 4157 1049 4247 qnamilla,
1074 4180 1164 4250 quae
1178 4164 1255 4228 ante

137 4269 402 4367 commemorata
421 4268 490 4349 est,
515 4260 662 4354 nequi
686 4268 906 4350 exaequatur,
1025 4317 1044 4340 2.
