2826 4904
456 317 504 379 ill
534 317 723 378 GRAECA
752 317 939 379 LINGVA.
1187 321 1248 384 1r1

133 499 276 584 possunt
296 492 362 582 ipsi
384 490 552 575 iudicare,
586 500 753 559 tacentem
784 492 941 561 assentire
963 494 1043 579 rati,
1076 491 1160 561 falsa
1184 512 1249 582 pro

135 596 223 665 veris
241 597 435 686 probarent.

240 698 313 766 Sed
325 706 503 786 antequam
513 697 696 763 verborum
712 695 845 788 ellipsin
866 699 1045 785 mittamus,
1070 697 1115 765 de
1138 696 1251 763 infini-

136 802 209 870 tivo
229 801 374 868 iubentis
391 801 447 868 vel
475 800 598 866 orantis
620 799 856 888 exponendum
884 811 950 886 est,
974 802 1019 871 de
1045 823 1114 888 quo
1139 808 1188 867 est
1214 821 1250 888 p.

137 903 227 972 000.
240 903 326 971 620.
340 901 426 970 636.
479 902 592 986 Quem
604 903 801 969 infinitivum
815 925 919 990 quum
935 905 1009 991 alii,
1034 916 1106 972 tum
1120 901 1252 972 Schae-

137 1007 231 1076 ferus
242 1031 279 1098 p.
295 1002 381 1074 020.
407 1008 451 1073 ab
466 1005 696 1096 antiquissimis
711 1005 779 1072 sine
793 1007 863 1077 ulla
880 1007 990 1097 ellipsi
1004 1030 1093 1077 nunc
1106 1027 1171 1097 pro
1185 1006 1252 1072 irn-

136 1111 470 1201 perativo,nuncpro
486 1110 636 1202 optativo
651 1117 857 1199 usurpatum,
873 1133 1121 1200 eumqueusum
1128 1107 1252 1176 deinde

137 1214 297 1281 mansisse
310 1221 416 1304 putat.
468 1212 568 1296 Quae
586 1235 639 1279 res
654 1210 741 1279 mihi
760 1212 898 1300 quidem
913 1236 1035 1303 parum
1049 1211 1253 1281 verisimilis

136 1316 279 1385 videtur.
299 1318 388 1383 Nam
402 1315 463 1383 etsi
476 1315 631 1383 eamdem
644 1315 889 1406 simplicitatem
906 1317 1058 1406 quotidie
1078 1316 1113 1383 in
1124 1336 1252 1415 puero-

136 1443 216 1488 rum
242 1442 395 1487 sermone
414 1419 715 1503 animadvertimus,
739 1419 824 1486 nihil
842 1419 895 1487 'est
922 1444 962 1488 ea
984 1429 1095 1487 tamen
1116 1418 1178 1485 nisi
1199 1417 1252 1483 in-

135 1522 261 1607 fantia,
293 1545 403 1612 neque
426 1523 487 1589 illa
507 1522 733 1613 loquentium,
760 1523 820 1590 sed
844 1523 1101 1591 balbutientium
1125 1543 1253 1612 puero-

136 1647 223 1693 rum.
250 1624 363 1710 Quam
378 1649 437 1695 our
452 1627 487 1693 iu
502 1627 637 1695 Graeco
652 1649 818 1711 sermone,
844 1626 917 1692 aliis
931 1626 965 1692 in
981 1628 1080 1693 rebus
1098 1624 1253 1691 omnibus

138 1729 338 1812 cultissimo,
374 1739 538 1796 servatam
569 1727 850 1796 existimabimus?
888 1736 923 1795 et
942 1735 1153 1819 repugnante
1177 1725 1254 1813 qui·

139 1831 221 1900 dem
234 1831 308 1922 ipsa
322 1831 473 1898 infinitivi
484 1839 618 1915 natura,
640 1831 703 1918 'qui
720 1830 841 1897 modus
865 1851 934 1897 non
955 1854 1019 1922 per
1038 1855 1074 1898 se
1098 1840 1253 1902 constan-

136 1935 195 2019 tis,
222 1934 283 2001 sed
297 1934 432 2002 aliunde
450 1933 627 2025 pendentis
646 1941 695 2000 est
717 1932 882 2006 orationis.
935 1933 1026 2019 Quin
1042 1937 1143 2002 etiam
1164 1939 1319 2003 con-132

136 2038 331 2105 structionis
345 2040 506 2123 varietaS,
541 2045 700 2126 quaeest
724 2038 758 2104 in
787 2039 852 2106 isto
872 2037 1025 2106 infinitivi
1055 2061 1134 2120 usu,
1178 2037 1254 2103 satis
1316 2085 1320 2093 .

137 2141 269 2232 arguit,
296 2140 396 2207 aliam
418 2141 486 2208 eius
506 2141 673 2231 originem
691 2164 770 2208 esse.
820 2141 910 2206 Nam
928 2141 986 2207 nbi
1003 2162 1128 2207 nomeu
1143 2139 1255 2204 infini—
1310 2164 1321 2173 ·

136 2243 208 2310 tivo
226 2243 377 2309 iunctum
390 2265 555 2332 personae
576 2252 645 2327 est,
671 2265 774 2329 quam
789 2242 1010 2329 alloquimur,
1036 2240 1265 2310 nominativus.

134 2343 338 2414 adhibetur:

216 2445 369 2542 θαρσῶν
392 2445 476 2530 νῶν,
503 2438 700 2542 Διόμηδες,
727 2442 784 2518 ἐπὶ
801 2438 962 2540 Τρῶεσσν
981 2438 1188 2539 palpandae}

138 2550 200 2618 nbi
220 2558 333 2617 autem
352 2549 435 2616 alius
455 2570 622 2643 personae
638 2556 703 2633 est,
730 2548 953 2617 accusativus:

217 2645 361 2746 νύμφαι
373 2657 566 2749 πετραῖαι,
593 2643 762 2730 πολλάκις
772 2677 819 2743 με
836 2655 1047 2744 βουθυτεῖν.
1080 2733 1081 2736 ¹

140 2754 324 2827 Infinitivus
340 2757 444 2846 igitur
465 2756 500 2821 iu
522 2755 590 2821 istis
609 2755 833 2824 locutionibus
856 2751 939 2842 quid
961 2775 1095 2822 caussae
1125 2763 1174 2822 est
1195 2779 1255 2825 cur

139 2878 209 2924 non
230 2880 295 2947 per
316 2858 448 2949 ellipsin
478 2856 625 2946 aliquam
648 2857 852 2947 explicetur,
889 2879 995 2946 quum
1022 2858 1116 2925 nulla
1145 2881 1256 2946 neque

138 2960 348 3048 frequentior
380 2963 421 3027 sit
453 2961 597 3050 ellipsis,
635 2981 700 3028 nec
737 2958 927 3028 faciliorem
953 2961 1085 3028 veniam
1118 2960 1257 3049 habeat,

139 3085 243 3152 qnam
270 3087 357 3152 qnae
370 3064 417 3144 ,iu
437 3066 541 3132 verbo
567 3071 631 3147 est,
658 3062 798 3152 aliquod
824 3062 988 3148 studium,
1022 3064 1170 3152 aliquam
1191 3088 1256 3133 vo·
1355 3104 1360 3125 .

140 3166 303 3234 luntatem
319 3175 376 3234 aut
390 3167 491 3232 animi
512 3165 727 3234 affectionem
745 3164 937 3234 indicante?
964 3165 1162 3233 Cuiusmodi
1178 3190 1256 3234 ver-

138 3269 187 3337 ba
201 3268 273 3338 hoc
284 3270 414 3338 facilius
430 3268 640 3352 omittuntur,
667 3267 762 3355 quod
777 3268 851 3355 ipsa
863 3268 1031 3355 loquentis
1048 3290 1114 3335 vox
1131 3270 1167 3335 in
1186 3268 1255 3338 hu-

136 3373 326 3440 iuscemodi
345 3372 498 3439 formulis
520 3370 568 3436 ita
592 3369 838 3453 conformatur,
864 3377 917 3453 ut,
954 3368 1036 3456 quid
1060 3369 1178 3460 aliquis
1200 3373 1255 3440 di-

140 3496 220 3544 cere
232 3475 331 3560 velit,
356 3476 491 3542 minime
503 3474 611 3564 possit
626 3474 807 3540 obscurum
830 3494 911 3538 esse.
964 3471 1036 3539 Sed
1059 3476 1103 3541 ab
1124 3476 1183 3542 illa
1202 3478 1256 3544 iu-

137 3578 258 3646 linitivi
277 3578 538 3662 constructione,
564 3598 667 3664 quam
691 3574 798 3643 modo
820 3575 1008 3666 tetigimus,
1033 3579 1174 3647 nimium
1199 3602 1256 3646 re-

139 3679 268 3750 cedunt
295 3681 366 3748 duo
392 3681 655 3752 Homericorum
685 3679 870 3748 carminum
885 3679 972 3764 loci,
1006 3703 1109 3768 quam
1130 3690 1168 3748 nt
1198 3703 1256 3750 eos
1324 3730 1330 3741 .

140 3785 408 3876 praetermittere
422 3784 481 3854 hic
501 3784 694 3852 debeamus.
745 3783 840 3852 Vnus
855 3782 954 3849 Iliad.
968 3782 1059 3849 xvi.
1083 3782 1143 3850 90.
1170 3784 1256 3856 νῶϊν

139 3882 178 3960 δ’
199 3887 349 3980 ἐκδῦμεν
372 3885 529 3981 ὄλεθρον
535 3939 549 3974 ,
576 3886 652 3970 ubi,
682 3885 832 3974 quamvis
856 3883 1076 3963 deterioribus
1098 3888 1256 3972 numeris,

138 3991 309 4082 optativus
323 3990 484 4059 infinitivo
496 3989 739 4080 praeferendus
753 3988 896 4074 videtur,
921 3986 989 4060 νῶϊ
1001 3983 1030 4058 δ’
1046 3990 1256 4082 ἐνδνῑμεν*)
1352 4082 1357 4089 ἦ

142 4199 351 4217 Μ

180 4314 213 4391 *)
235 4315 380 4376 Graviter
401 4310 597 4395 reprehendit
615 4311 695 4374 hanc
717 4313 844 4396 optativi
861 4313 1042 4394 scripturam
1059 4277 1258 4379 Buttmannns
