2826 4904
383 342 1033 412 '-1vnlstn1ENu1.
1276 355 1299 416 l)

183 547 254 591 sum
279 523 371 590 laeso
386 531 450 606 est,
478 522 630 610 detracto
659 523 730 590 iure
756 523 936 613 puniendi,
964 522 1144 613 dupliciter
1169 521 1296 591 malurn

183 649 296 694 creare
316 627 365 709 ei,
391 625 450 713 qui
475 626 556 692 fecit
575 625 743 709 iniuriam,
778 636 850 694 tum
874 626 928 708 vi,
951 648 1018 714 qua
1041 625 1127 692 tueri
1147 625 1219 690 iura
1237 647 1296 693 sna

179 737 309 818 potest,
350 737 422 795 tum
451 727 564 794 damni
588 730 816 818 reparatione,
857 750 959 816 quam
990 731 1021 795 ei
1047 728 1128 796 licet
1150 727 1294 818 exigere.

178 832 368 919 Vtrumque
385 829 471 913 hoc,
497 830 661 918 quidquid
678 833 724 901 sic
740 832 821 898 mali
836 832 971 898 laedens
986 831 1121 920 patitur,
1146 853 1166 896 a
1183 849 1294 920 poena

179 934 371 1024 longissime
384 933 490 999 distat.
520 931 672 1003 Primum
685 935 790 1018 enirn,
812 934 906 1024 quod
919 934 953 999 in
971 935 1020 1018 vi,
1043 956 1111 1022 qua
1134 955 1170 999 se
1184 933 1294 999 laesus

179 1036 349 1120 defendit,
365 1037 511 1125 positum
525 1045 574 1102 est
586 1038 728 1121 malum,
741 1037 777 1103 id
793 1059 861 1104 non
876 1045 1058 1126 propterea
1071 1035 1206 1102 additur
1219 1035 1288 1103 lae-

179 1139 288 1225 denti,
304 1137 396 1225 quod
415 1139 442 1204 is
458 1137 576 1213 dolere
591 1139 731 1223 debeat,
758 1139 817 1206 sed
830 1148 867 1207 ut
879 1140 971 1206 malo
988 1148 1129 1229 cogatur
1141 1137 1294 1204 iniuriam

177 1264 349 1332 reparare3
376 1241 421 1306 ob
434 1262 575 1328 eamque
588 1264 660 1308 rem
678 1241 911 1311 tantummodo
934 1262 998 1330 pro
1020 1242 1213 1308 adiumento
1232 1247 1292 1324 est,
1408 1314 1412 1323 ‚

178 1366 247 1432 quo
265 1343 309 1410 ad
325 1343 377 1410 ius
392 1366 490 1410 suum
504 1343 740 1413 vindicandum
755 1344 862 1412 laesus
874 1354 994 1412 utatur.
1029 1344 1098 1428 Qui
1112 1344 1138 1410 si
1152 1341 1292 1411 laeden-

175 1456 245 1514 tem
264 1445 377 1530 aliter,
403 1469 505 1533 quam
524 1448 691 1514 bonorum
705 1447 928 1534 quorumdam
949 1445 1164 1536 ademptione
1177 1443 1221 1512 ad
1237 1468 1291 1512 sa-

175 1549 399 1616 tisfactionem
420 1558 535 1638 posset
556 1552 766 1640 perpellere:
791 1569 860 1618 nou
882 1558 967 1618 esset
990 1549 1228 1632 necessarium,
1253 1556 1291 1613 ut

175 1652 266 1718 mala
280 1653 315 1717 in
328 1674 406 1719 eum
420 1652 598 1741 ingereret.
631 1652 762 1742 Deinde
783 1653 817 1719 in
837 1652 1047 1741 reparatione
1070 1651 1182 1717 damni
1196 1649 1290 1737 quod

175 1754 255 1821 mali
267 1754 367 1837 inest,
386 1777 429 1820 ne
444 1754 515 1822 hoc
527 1751 848 1843 quidemzamqnam
866 1756 1011 1839 malum,
1030 1753 1123 1842 quod
1137 1744 1289 1820 iniuriam

176 1857 269 1944 sequi
285 1856 424 1940 debeat,
447 1858 573 1946 patitur
584 1859 622 1942 is,
637 1858 695 1945 qui
707 1859 854 1945 aliquem
869 1859 973 1942 laesit,
988 1857 1058 1941 sed,
1075 1858 1155 1944 qnia
1164 1878 1289 1944 repen-

175 1958 271 2045 dere,
291 1967 452 2048 quantum
473 1961 563 2027 laeso
579 1953 727 2029 nocitum
741 1961 866 2045 fuerat,
893 1961 1014 2044 debet,
1040 1961 1066 2028 si
1085 1960 1121 2026 id
1143 1980 1210 2025 non
1225 1957 1289 2024 nisi

62 2081 65 2087 ·
174 2084 252 2130 cum
265 2063 389 2129 danmo
403 2084 464 2131 suo
476 2062 590 2131 facere
602 2072 725 2155 potent,
736 2063 876 2154 aufferre
890 2064 1016 2129 malum
1030 2061 1287 2130 neccssehabet.

173 2165 302 2238 Verum
315 2187 383 2252 quo
396 2165 488 2234 malo
504 2165 548 2231 ad
563 2165 769 2255 puniendum
785 2167 925 2249 utimur,
950 2165 987 2231 id
1013 2187 1116 2252 quum
1141 2162 1288 2229 laedenti

172 2276 371 2355 propterea,
397 2266 491 2351 qnod
519 2289 598 2332 eum
619 2267 738 2332 dolore
760 2267 867 2355 afiligi
888 2275 1058 2355 oporteat,
1084 2266 1285 2356 imponatur,

173 2388 296 2457 perse
320 2388 398 2437 cum
417 2365 537 2432 iniuria
553 2359 662 2460 debet
674 2368 887 2435 coniunctum
910 2390 1000 2453 esse,
1024 2390 1134 2456 neque
1157 2368 1287 2453 aliare,

172 2492 260 2556 quae
273 2468 425 2534 iniuriam
439 2470 808 2554 sequatur,·'contineri.
930 2505 933 2511 ·

274 2571 371 2655 Quae
385 2593 572 2661 poenarum
585 2572 628 2638 ab
645 2572 683 2638 iis
695 2564 792 2639 malis
806 2571 1006 2656 differentia,
1019 2593 1106 2661 quae
1118 2578 1190 2641 tum
1202 2568 1286 2636 iusta

169 2674 205 2767 uvi
225 2674 434 2759 sustinenda,
450 2683 539 2740 tum
569 2674 801 2743 satisfaciendo
825 2676 1050 2765 accipiuntur,
1082 2673 1190 2742 multo
1212 2672 1285 2740 cla-

171 2779 238 2844 rius
260 2777 403 2847 cernitur
427 2777 541 2860 iniis,
567 2799 654 2865 quae
678 2800 719 2844 ex
746 2777 815 2846 hoc
835 2778 1024 2848 discrimine
1043 2776 1137 2864 sequi
1149 2798 1284 2845 necesse

168 2889 227 2946 ⁴est
267 2881 418 2973 Primum
440 2878 526 2945 enirn
550 2903 590 2946 ea
618 2879 725 2964 mala,
759 2881 879 2969 quibus
906 2881 1058 2948 iniuriam
1079 2881 1283 2968 repellimuS,

169 3004 237 3048 non
252 2983 313 3049 nisi
328 2993 399 3049 tum
411 2982 586 3072 iniungere
600 2982 747 3078 laedenti
757 2985 853 3073 licet,
870 3006 975 3075 quum
989 2991 1110 3052 coactu
1125 3002 1211 3071 opus
1223 2987 1282 3046 est.
1389 2982 1392 2984 ’

74 3119 78 3124 -
169 3085 353 3152 Etenimsi
376 3085 489 3152 volens
510 3085 554 3153 ab
571 3085 690 3152 iniuria
704 3086 882 3170 abstineat,
908 3093 965 3153 aut
979 3093 1207 3175 perpetratam
1225 3104 1282 3150 re-

169 3197 285 3276 paret,
310 3210 378 3254 non
397 3187 502 3255 modo
522 3187 636 3254 inutile
657 3187 775 3275 fuerit,
801 3189 869 3255 vim
891 3188 1074 3277 suscipere,
1100 3184 1281 3252 sedetiam

168 3290 334 3375 iniustum,
349 3291 427 3378 quia
440 3290 531 3356 nulla
545 3290 593 3371 vis
607 3290 693 3357 iusta
708 3301 766 3377 est,
781 3291 843 3358 nisi
854 3314 940 3378 quae
947 3291 1026 3357 iuris
1036 3287 1152 3357 tuendi
1166 3309 1281 3377 canosa
1404 3349 1410 3362 ,

169 3392 358 3460 adhibetur.
383 3392 474 3459 Illud
487 3393 611 3459 rnalum
627 3401 749 3479 autem,
765 3394 859 3481 quod
873 3392 1060 3487 reparanda
1075 3392 1192 3458 iniuria
1206 3389 1280 3457 lae-

169 3495 250 3572 dens
266 3496 406 3587 patitur,
430 3518 474 3562 ue
498 3494 614 3583 quaeri
633 3495 771 3582 quidem
797 3505 927 3586 potest,
946 3496 1086 3584 quando
1105 3494 1228 3567 inferre
1249 3492 1281 3558 ei

168 3599 285 3683 liceat,
310 3585 491 3690 propterea
512 3597 611 3686 quod,
623 3596 707 3665 illud
727 3600 762 3665 in
783 3623 826 3667 eo
851 3601 1056 3683 continetur,
1073 3597 1177 3685 ,quod
1199 3594 1279 3682 quin

169 3701 242 3768 lieri
256 3702 389 3787 debeat,
402 3701 546 3768 dubitari
558 3722 625 3767 non
639 3702 753 3791 possit.
778 3695 1278 3793 Igitnrtantummodo,quando

168 3826 246 3871 vere
257 3805 432 3889 inferatur,
458 3803 685 3892 quaerendum
701 3813 758 3871 est.
809 3807 922 3893 Atque
935 3804 1004 3871 hoc
1017 3813 1089 3871 turn
1101 3802 1150 3883 fit,
1173 3811 1278 3887 quum
1358 3807 1363 3823 '

167 3907 275 3996 laesus
296 3930 363 3974 non
384 3917 494 3996 potest
510 3907 628 3975 iniura
652 3929 709 3974 sua
729 3908 872 3991 restitui,
896 3908 958 3974 nisi
973 3930 1052 3975 curn
1067 3904 1190 3970 damno
1204 3903 1278 3971 lae-

168 4009 284 4079 dentis.
335 4009 404 4094 ,Qui
420 4011 447 4076 si
458 4010 513 4094 id,
538 4011 628 4076 unde
642 4010 733 4078 laeso
750 4010 922 4093 satisfacit,
948 4031 1017 4076 nou
1030 4017 1182 4074 numerat
1191 4008 1285 4083 inter¹

167 4113 258 4179 bona
272 4135 349 4196 sua,
374 4111 459 4178 nihil
472 4114 720 4202 compensanda
741 4113 856 4182 nuntia
872 4111 1048 4181 contrahet
1059 4108 1275 4180 incommodi.

167 4214 303 4283 Poenae
322 4238 403 4282 vero
427 4215 518 4282 cuius
544 4217 745 4306 irrogandae
765 4216 994 4306 opportunitas
1015 4239 1083 4282 non
1098 4215 1246 4305 pendeat
1254 4235 1277 4292 ⁴e

169 4339 247 4386 casu
263 4318 376 4408 aliquo
389 4318 594 4408 fortuitoque
608 4328 744 4403 eventu,
764 4320 896 4408 semper
909 4321 1024 4396 locum
1039 4343 1109 4388 esse
1122 4325 1277 4386 necessa—
