2826 4904
456 281 508 344 ΙΝ
535 280 726 345 GRAECA
751 272 943 347 LI'NGVA.
1198 287 1262 351 18³

145 460 254 524 essent
267 451 305 521 hi
323 452 477 544 genitivi,
502 455 564 524 sed
580 477 637 524 eos
651 462 824 545 tamquam
837 456 1024 548 legitimam
1034 459 1261 530 constructio-

143 581 224 626 nem
249 567 458 647 usurparent
514 559 672 647 Itaque
661 582 696 626 ιιι
723 560 835 629 multis
861 561 1106 647 locutionibus,
1140 562 1260 651 quales

144 661 293 751 exempli
315 683 431 730 caussa
446 670 522 728 sunt
536 657 765 779 α’ρμζεσθαι,
790 664 1014 754 χολοῦσθαι,
1040 659 1259 758 θαυμαζειν,

141 762 353 858 μακαρίζειν
366 756 480 844 τινός,
507 763 672 854 genitivus
693 788 762 832 non
774 775 910 855 poterat
929 790 1005 834 non
1018 768 1126 836 videri
1146 769 1213 835 id
1202 791 1256 835 m-
1264 783 1329 848 148

144 866 281 949 dicare,
308 866 401 935 cuius
417 888 534 934 caussa
549 866 677 957 aliquid
693 869 799 936 fieret
849 871 940 940 Hinc
959 870 1066 940 sicubi
1082 871 1127 938 ad
1145 871 1261 960 prisii

143 992 224 1036 nam
254 968 392 1037 dicendi
424 970 588 1038 rationem
621 969 794 1055 redibant,
831 994 901 1042 nou
933 974 1261 1059 construebant,ut

143 1073 240 1138 initio
262 1072 390 1141 factum
408 1069 586 1158 fuerat,'
564 1067 675 1169 οργήν
691 1100 789 1156 τινος
803 1074 917 1164 ἔχειν,
943 1072 1046 1143 sed'
1023 1102 1134 1172 ορρην
1148 1077 1257 1166 ἔχειν,

141 1183 316 1264 tamquam
345 1170 555 1273 ὀργίζεσθαι
577 1177 777 1268 cogitantes,
812 1186 847 1243 et
879 1179 1063 1268 genitivum
1093 1179 1140 1249 sic
1166 1179 1259 1249 nude

140 1276 322 1362 addentes,
356 1299 426 1365 quo
448 1278 504 1362 id,
538 1279 631 1347 cuius
657 1301 771 1347 caussa
793 1280 867 1368 quis
889 1282 1102 1368 irasceretur,
1126 1281 1258 1352 indica-

140 1389 224 1449 rent.
275 1381 319 1448 Id
333 1381 510 1448 manifesto
526 1380 630 1451 docet
642 1382 813 1451 Homerus
831 1382 953 1475 Odyss
967 1385 1091 1454 XXIV.
1117 1383 1205 1452 423.

243 1543 373 1631 παιδός
386 1547 465 1674 γάρ
491 1578 527 1624 οι
519 1549 748 1627 ἄλαστυν’
730 1553 783 1627 ενὶ
779 1553 1094 1676 ppeoiuewudor
1072 1582 1203 1644 anucco,

242 1647 458 1738 Λντινόυυ,
483 1682 550 1727 τον
564 1657 710 1751 πρῶτον
727 1648 881 1750 ἐνήρατο
904 1651 979 1737 dede
992 1651 1204 1738 'Odvooavc

239 1758 311 1832 τοῦ
334 1754 396 1850 ὅγε
419 1754 693 1854 δακρυχέων,
668 1751 876 1853 αγορήσατο
907 1757 967 1830 roi
988 1760 1188 1850 μετέειπεν.
1270 1796 1276 1811 ν

138 1929 190 1997 Ita
207 1927 337 1997 factum
363 1934 429 2017 est,
458 1933 497 1995 ut
516 1925 681 2018 genitivus
702 1927 803 1995 etiam
820 1927 910 1995 solus
924 1950 987 2018 per
1003 1951 1039 1996 se
1058 1936 1254 2020 poneretur,

136 2033 215 2116 ubi,
264 2039 409 2121 propter
436 2029 531 2117 qnod
562 2031 690 2119 aliquid
723 2032 837 2117 fieret,
876 2032 1133 2124 significandum
1172 2043 1254 2100 erat.

137 2133 244 2219 Quod
268 2135 407 2222 quidem
427 2156 496 2200 non
518 2142 567 2200 est
588 2135 715 2222 ubique
738 2134 883 2217 factum,
917 2135 1032 2200 sedin
1053 2135 1255 2222 quibusdam

136 2235 488 2405 dpmtarpaggpquendi
505 2234 636 2321 modis,
661 2244 701 2304 ut
714 2234 808 2330 apud
831 2233 1042 2326 Sophoclem
1054 2237 1090 2304 in
1105 2235 1255 2307 Trachi-

135 2361 201 2408 nns
214 2360 237 2406 v

187 2471 281 2548 ΔΗ.
304 2466 477 2548 οὐκοῖδ’
499 2466 704 2596 μθυμῶδζ
731 2466 1102 2594 εἰφμνῆσομαιτιέχα
1230 2464 1239 2470 ”

297 2602 408 2650 κακον
423 2574 493 2669 μεν
513 2570 734 2697 ε’κτραξασ
749 2573 800 2649 αττ
806 2574 1100 2700 ἐλπίδοςταλῆς.

188 2682 277 2755 XO
295 2706 340 2752 ου
331 2672 399 2777 ’δή
414 2705 453 2751 τι
475 2676 548 2751 τῶν
565 2703 635 2751 σων
654 2677 834 2778 Ηρακλεῐ
848 2674 1091 2777 δυρημυῖτωνς

136 2816 228 2888 Ηίιιο
246 2816 333 2884 nihil
347 2816 487 2905 mirum,
513 2838 541 2882 ει
551 2815 690 2906 tragici,
719 2818 826 2884 multa
838 2817 888 2883 illi
904 2826 1062 2886 novantes
1080 2823 1114 2885 et
1127 2802 1268 2907 ubique¹

134 2921 384 2988 insolentiorem
410 2927 581 3009 captantes
602 2920 761 2987 sermonis
783 2921 947 3005 formam,
987 2932 1160 3009 tamquam
1188 2946 1255 2990 no-

135 3046 217 3091 vum
240 3023 323 3112 quid
342 3024 495 3091 dixerunt
517 3016 626 3111 χόλον
657 3020 794 3113 ὅπλων,
827 3023 938 3119 μῆνιν
967 3017 1254 3119 νυμφευμάτων,

136 3126 196 3216 qui
207 3150 245 3195 re
260 3150 340 3194 vera
357 3126 506 3194 omnium
520 3125 629 3193 luerat
642 3126 882 3216 antiquissimus
893 3150 979 3194 usus.
1031 3128 1129 3209 Quae
1151 3122 1258 3212 quum

135 3231 184 3297 ita
204 3231 285 3314 sint,
311 3229 384 3318 quis
406 3230 475 3295 iam
495 3227 540 3293 ad
569 3229 703 3316 ellipsin
724 3229 979 3318 praepositionis
1004 3234 1106 3298 ἕνεκα
1128 3227 1255 3315 μυρίη·

135 3334 299 3424 giendum
324 3330 456 3422 putabit
475 3330 510 3395 in
531 3331 691 3418 exemplis
718 3352 754 3419 p.
779 3325 866 3396 705.
885 3327 973 3396 708.
995 3327 1081 3395 748.
1100 3351 1254 3397 comme·
1304 3342 1307 3349 '

135 3435 296 3505 moratis?
330 3432 435 3517 Quod
461 3433 589 3499 nollem
616 3433 717 3498 etiam
738 3430 942 3501 Schaeferus
965 3431 1115 3519 fecisset,
1148 3445 1252 3523 quem
1320 3520 1322 3529 y

135 3539 184 3607 ob
205 3539 242 3606 id
271 3560 407 3626 quoque
431 3533 580 3604 hicnon
602 3537 731 3625 probo,
763 3532 858 3624 quod
881 3558 917 3625 p.
939 3532 1045 3622 7⁰5,
1071 3537 1130 3604 ubi
1156 3537 1321 3606 Dor-149

135 3643 220 3711 villii
235 3643 336 3710 verba
353 3639 544 3731 adscripsit,
569 3637 654 3706 nihil
673 3639 847 3706 admonuit
860 3638 1023 3708 lectorem
1039 3638 1084 3705 de
1098 3637 1252 3706 Platoni-

136 3766 180 3814 co
194 3745 255 3812 illo
270 3746 306 3812 in
320 3744 473 3836 Apolog.
487 3743 583 3812 Socr.
602 3766 631 3811 c.
649 3741 684 3809 9.
703 3743 763 3815 καὶ
786 3740 957 3836 φαίνεται
975 3734 1112 3814 τούτου
1134 3741 1250 3831 λέγειν

135 3841 204 3920 adu
224 3841 444 3944 Σωκράτηντ
467 3848 503 3913 in
516 3845 702 3917 cuiusmodi
714 3846 885 3915 locutione
905 3867 1009 3932 quum
1023 3836 1158 3915 τούτου
1172 3843 1251 3910 nul-

134 3951 173 4017 lo
194 3960 298 4042 pacto
321 3949 365 4017 ob
386 3948 425 4016 id
447 3950 636 4039 significare
650 3950 771 4038 possit,
797 3947 893 4036 qnod
903 3950 1013 4016 virum
1025 3944 1253 4015 doctissimum

135 4075 206 4121 non
226 4054 337 4144 potuit
356 4053 494 4142 fugere,
519 4073 588 4121 uon
609 4051 714 4121 modo
733 4051 935 4144 improbari,
960 4051 1106 4118 tironum
1125 4070 1251 4137 caussa,

137 4157 288 4226 debebat
304 4156 459 4224 Dorvillii
480 4157 657 4242 sententia,
696 4156 756 4225 sed
784 4154 939 4223 adnotari
961 4152 1062 4220 etiam
1084 4152 1253 4222 verissima

138 4269 174 4331 et
197 4263 318 4331 merito
339 4260 383 4330 ab
406 4257 607 4329 Heindortio
625 4269 764 4353 recepta
777 4258 837 4328 Fr.
853 4257 944 4350 Aug.
958 4255 1078 4328 Wolfii
1089 4257 1252 4326 emenda-
