2826 4904
269 311 457 377 PROSAE
485 313 543 377 ΕΤ
569 313 813 378 ΡΟΕΤΙῦλΕ
834 315 1104 381 conmotus.
1190 323 1253 389 115

294 483 361 559 νῦν
382 478 452 582 χιίρ
474 479 624 579 α’κμοίζει
645 482 778 563 Herod
791 486 894 564 δολία

293 588 581 711 ξυγκαταβῆναι,
614 585 767 681 χθονιυκ
792 587 829 666 δ
850 589 992 690 Ερμῆν

292 688 353 763 καί
366 718 434 763 τον
450 685 575 781 νόχιον
589 690 695 816 τοῑιδ
710 692 905 788 ἐφοδεῦσαι

293 786 639 890 ξιφοδηλήτοισιν
613 795 757 889 αχιδσιν

134 927 234 998 Nihil
246 929 403 1019 profecto
416 929 570 1020 frigidius
586 933 698 1057 potuit
711 956 821 1022 neque
833 934 1024 1026 languidius
1040 935 1126 1024 dici,
1151 957 1254 1025 quam

136 1025 294 1121 χθόνιον
309 1029 451 1127 Ερμῆν
472 1032 533 1104 καί
557 1027 624 1106 τόν
646 1061 772 1124 νυχιον
794 1036 843 1126 *).
901 1039 948 1105 At
971 1039 1058 1107 adeo
1080 1040 1254 1108 manifesta

135 1133 196 1204 hic
224 1143 300 1203 sunt
322 1135 632 1225 interpretationum
651 1137 796 1224 indicia,
830 1148 928 1208 utne
949 1139 1094 1210 dubitari
1115 1142 1254 1232 quidem

135 1258 240 1328 posse
256 1246 392 1328 putem,
413 1238 496 1326 quin
510 1240 557 1305 ita
574 1240 743 1331 scripserit
761 1242 962 1332 Aeschylus:

292 1372 358 1447 νόν
380 1399 449 1468 χαρ
464 1368 617 1466 ιὶκμοίζει
631 1372 763 1449 Πειθσι
776 1379 900 1452 δολίαν

293 1476 579 1599 ξυγκαταβῆναι,
607 1472 800 1568 νόχιόυδ
818 1478 960 1579 Ερμῆυ

294 1572 418 1658 τοόςδ’
446 1581 640 1673 ἐφοδεῦσαι

294 1679 640 1777 ξιφοδηλήτοισιν’
615 1682 760 1777 aydam.

138 1809 278 1907 Νόχιος
293 1817 381 1885 enim
401 1817 494 1886 idem
515 1826 582 1902 est,
609 1819 703 1907 quod
727 1819 835 1910 magis
853 1821 1010 1889 usitatum
1026 1816 1194 1913 χθόνιος,
1219 1831 1258 1890 ut

138 1919 311 2008 ἐννυχίοιο
324 1941 390 2011 pro
406 1918 565 2009 χθονίου
573 1975 588 2009 ,
615 1930 648 1988 et
662 1922 809 2012 ἔννυχον
830 1920 923 2018 ᾅδαν
944 1948 1009 2015 pro
1031 1919 1184 2016 χθόνιον
1202 1925 1256 1994 di-

136 2022 187 2089 xit
202 2021 396 2112 Sophocles
412 2020 501 2093 Oed.
520 2022 596 2090 Col.
618 2020 728 2091 1556.
772 2025 901 2100 Trach.
923 2024 1010 2097 501.
1061 2030 1169 2096 Porro
1185 2053 1256 2097 me-

137 2125 244 2194 sodus
265 2128 337 2194 est
327 2149 363 2193 m
379 2125 597 2214 Choephoris
620 2126 707 2196 haec
726 2151 757 2195 v
780 2127 868 2200 8⁰2

295 2254 381 2331 τόδε
409 2261 521 2337 καλῶς
548 2254 750 2350 υτοίμινου,
792 2259 821 2333 oi

296 2361 390 2453 μέγα
414 2359 525 2431 ναίων
549 2355 704 2451 στόμιον
725 2389 765 2434 ου

300 2455 360 2543 δός
387 2459 523 2534 οἱνιδιῐν
546 2456 661 2553 δόμον
686 2456 837 2560 ανδρός,

295 2562 357 2636 καί
381 2590 437 2637 νιν
461 2562 671 2660 ἐλευθερίως

294 2662 522 2763 λαμπροις’
484 2694 506 2738 τ
551 2669 641 2738 ἰδειυ
667 2666 801 2761 φιλίοις

296 2767 479 2860 ὄμμασιν,
506 2762 683 2864 δνοφιφας

295 2864 508 2966 καλύπτρας.

141 2992 183 3061 ln
197 2990 251 3059 his
269 3013 337 3058 non
360 2993 469 3059 solum
490 2994 635 3061 insolens
649 2993 788 3060 verbum
806 2987 943 3065 α’νιδιῖυ
950 3047 965 3081 ,
991 2994 1187 3084 praesertim
1207 3018 1263 3064 sc-

142 3105 266 3185 quentc
281 3094 390 3161 statim
406 3097 505 3175 ἰδιίν,
533 3096 735 3187 omninoque
750 3119 852 3165 nexus
868 3097 1059 3183 verbomm,
1085 3096 1145 3164 sed
1162 3098 1263 3164 etiam

142 3199 219 3283 illa,
247 3195 459 3292 ἐλευθερίως
480 3197 651 3290 λαμπρός
670 3225 732 3285 τε,
759 3221 846 3286 quae
863 3198 939 3266 satis
955 3200 1164 3265 manifestam
1179 3221 1265 3288 pro·

142 3324 200 3370 sae
235 3299 392 3367 orationis
420 3300 567 3388 speciem
593 3297 739 3385 habent,
779 3299 898 3369 lectori
924 3310 1039 3366 creant
1067 3300 1263 3370 molestiam.

148 3404 199 3475 Τὲ
230 3401 367 3492 quidem
397 3401 431 3467 in
466 3400 595 3468 duabus
619 3401 802 3468 veterrimis
836 3399 1035 3469 editionibus
1068 3411 1102 3470 et
1144 3404 1263 3475 codice

143 3505 416 3594 Guelferbytano
439 3504 542 3570 abest.
595 3504 667 3572 Sed
689 3504 832 3594 amplius
849 3504 1012 3596 progredi
1031 3506 1132 3574 debet
1147 3531 1263 3577 emen-

142 3608 246 3675 datio.
298 3609 387 3674 Nam
411 3617 590 3696 utrumque
608 3607 813 3694 adverbium,
840 3615 873 3674 ct
888 3607 1099 3705 districcione
1111 3616 1146 3675 et
1164 3614 1260 3701 λαμ.

142 3710 240 3807 πρός
247 3765 262 3800 ‚
289 3711 516 3801 interpretatio
535 3719 584 3780 est
601 3711 685 3780 alius
701 3709 871 3794 adverbii,
898 3706 1046 3808 α’νέδην,
1072 3710 1167 3798 quod
1183 3712 1264 3780 scri-

187 4045 215 4130 *)
239 4048 311 4109 Non
327 4048 425 4109 minus
438 4046 580 4124 putidum
596 4055 642 4106 est
649 4047 764 4126 ‚quod
781 4047 863 4127 apud
877 4045 1052 4150 Euripidem
1069 4044 1183 4121 iegitur
1197 4046 1264 4127 Iph

142 4135 180 4194 Τ
198 4139 273 4202 399.
300 4130 350 4197 τὸν
376 4128 505 4228 ευυδρου
530 4131 582 4194 καλ
606 4127 792 4212 δονακόχλοα
815 4126 953 4204 λιπόντες
977 4124 1136 4212 Εόροίιαυ.
1172 4133 1266 4194 Recte

143 4239 219 4281 vero
239 4218 300 4278 duo
318 4217 405 4279 codd.
424 4216 566 4276 omittunt
589 4219 659 4280 noi:
681 4226 856 4297 corruptam
877 4225 977 4275 autem
998 4235 1102 4276 vocem
1125 4220 1266 4321 emenda-

145 4304 194 4365 vit
214 4303 383 4365 Elmsleiua.
950 4385 985 4453 H
1012 4386 1035 4454 2
