2826 4904
151 281 174 342 4
420 274 491 336 nu
548 275 1005 337 FVNDAMENTO

153 456 293 542 gantur,
324 447 495 539 postulare
514 447 610 515 licet:
641 445 918 536 imperfectorum
943 458 1055 517 autem
1074 449 1266 518 officiorum

152 551 389 621 intermissione
400 574 505 639 quum
518 548 655 616 neminis
669 550 741 616 iura
753 550 945 637 laedantur,
980 574 1048 619 non
1069 560 1182 643 potest
1205 555 1267 620 illa

153 679 174 722 a
187 677 357 744 quoquam
370 652 554 744 prohiberi.
591 653 679 719 Nam
702 651 802 719 adea
820 663 948 722 tantum
965 657 1020 722 vel
1038 655 1265 747 prohibenda,

51 801 53 806 ·
152 758 208 826 vel
222 757 387 849 exigenda
401 758 443 823 ab
457 757 529 823 aliis
541 755 590 821 ius
604 764 755 822 nostrum
775 758 936 846 pertinet,
970 759 1090 847 quibus
1105 759 1161 825 vel
1179 760 1265 827 faci-

153 861 247 929 endis
259 860 314 927 vel
330 858 519 926 omittendis
535 858 652 924 iniuria
671 858 766 925 nobis
787 861 892 928 fieret.
944 860 1076 944 Quodsi
1099 862 1266 949 quaedam

152 971 227 1032 sunt
242 962 374 1047 officia,
401 985 421 1029 e
444 982 588 1050 quorum
608 961 787 1028 violatione
807 964 862 1030 alii
883 963 933 1028 ius
955 964 1130 1051 quoddam
1149 965 1266 1033 nanci-

153 1074 286 1135 scantur
297 1087 429 1156 poenae
448 1065 491 1130 ab
508 1086 567 1146 eo,
593 1063 650 1152 qui
671 1064 733 1129 ista
755 1065 870 1135 officia
887 1067 1041 1151 violavit,
1068 1068 1265 1134 sumendae:

153 1192 195 1236 ea
208 1191 275 1236 non
288 1176 426 1258 possunt
441 1166 640 1256 imperfecta
655 1165 769 1235 officia
787 1191 872 1252 esse,
899 1169 993 1256 quia,
1016 1193 1119 1258 quum
1141 1170 1266 1237 horum

152 1272 311 1362 neglectu
337 1269 419 1336 nihil
440 1270 633 1357 cuiusquam
651 1269 776 1336 iuribus
800 1271 1012 1356 detrahatur,
1046 1296 1182 1339 manere
1205 1274 1265 1340 illa

154 1375 228 1441 iura
241 1374 374 1456 finibuS,
391 1374 512 1460 quibus
527 1380 624 1438 antea
637 1373 899 1459 continebantur,
914 1376 1042 1443 incluse
1055 1398 1188 1443 necesse
1200 1386 1264 1442 est:

153 1499 241 1565 quae
255 1477 360 1543 sinon
372 1498 413 1542 eo
430 1497 534 1563 usque
549 1475 779 1564 pertinebant,
795 1486 832 1543 ut
843 1478 933 1544 mala
946 1478 1102 1566 cuiquam
1113 1479 1266 1569 infligere

153 1580 289 1663 liceret,
315 1600 383 1644 non
396 1586 508 1669 potest
521 1577 690 1667 intelligi,
709 1600 812 1665 quare
826 1580 872 1646 ob
888 1580 1165 1669 imperfectorum
1186 1580 1265 1648 offi-

154 1683 284 1753 ciorum
296 1680 477 1748 laesionem
490 1680 617 1770 magis,
643 1703 745 1768 quam
759 1683 803 1748 ob
819 1683 917 1748 aliam
929 1706 1011 1768 rem,
1037 1684 1132 1749 nullo
1151 1684 1265 1751 officio

153 1784 377 1874 prohibitam,
404 1806 445 1851 eo
459 1783 684 1874 porrigantur.
735 1783 845 1851 Aliter
856 1807 891 1851 se
904 1807 956 1852 res
967 1786 1072 1853 habet
1094 1787 1128 1853 in
1148 1787 1266 1876 perfe-

153 1888 213 1956 ctis
239 1886 368 1957 officiis
426 1885 490 1952 His
518 1886 606 1952 enim
628 1885 792 1953 violandis
817 1888 951 1956 alterius
979 1890 1052 1956 iura
1077 1888 1266 1973 laeduntur,

146 2006 256 2079 'quem
273 2013 314 2056 ex
333 1987 401 2056 hac
422 1987 496 2078 ipsa
515 2010 553 2054 re
575 1988 626 2054 ius
645 1988 791 2056 nancisci
810 1997 945 2079 oportet
964 1990 1008 2057 ad
1031 2014 1072 2057 ea
1087 1994 1198 2058 omnia
1212 1992 1267 2057 fa-

153 2092 292 2177 cienda,
318 2092 438 2180 quibus
450 2091 527 2174 illa,
554 2090 901 2177 quaelaesafuerant,
928 2093 1000 2159 iura
1014 2101 1154 2160 tueatur.
1187 2093 1267 2177 Quo

152 2197 225 2263 iure
245 2218 288 2262 an
311 2215 443 2285 poenae
475 2193 823 2283 comprehendantur,
855 2213 976 2280 necne,
1001 2195 1038 2261 id
1065 2218 1147 2263 vero
1174 2205 1267 2264 recte

152 2298 269 2387 quaeri
292 2306 421 2388 potest,
454 2296 628 2384 quoniam,
654 2304 691 2362 ut
711 2297 831 2385 punire
856 2306 1016 2386 nequeat,
1044 2307 1078 2366 at
1100 2299 1267 2387 quaedam

79 2432 81 2437 ’
151 2411 265 2469 tamen
278 2399 631 2487 iuraisconsequitur,
657 2399 715 2487 qui
731 2398 841 2466 laesus
854 2409 911 2467 est.
961 2400 1194 2484 Quamobrem
1209 2401 1267 2490 qui

152 2503 197 2572 de
211 2504 352 2571 naturali
364 2502 513 2591 quodam
527 2503 598 2568 iure
609 2501 771 2591 puniendi
783 2502 955 2586 disserunt,
970 2524 1028 2569 eos
1041 2519 1189 2593 poenam
1199 2526 1268 2570 non

150 2607 185 2673 iu
200 2606 261 2673 illo
279 2606 389 2689 malo,
416 2605 510 2693 quod
525 2605 599 2691 quis
620 2603 798 2670 cuiuslibet
817 2604 922 2672 officii
936 2604 1116 2672 violatione
1132 2607 1267 2672 meritus

150 2708 210 2793 sit,
232 2708 293 2774 sed
305 2709 340 2774 in
352 2728 412 2790 eo,
429 2705 523 2794 quod
539 2706 584 2771 ob
598 2704 672 2772 iura
683 2704 826 2771 aliorum
839 2705 930 2772 laesa
943 2706 1124 2796 infligatur,
1138 2729 1267 2797 ponere

151 2818 297 2902 oportet.
335 2809 439 2893 Quod
462 2810 489 2875 si
506 2807 639 2876 fecisset
661 2807 798 2874 Grotius
812 2816 845 2873 et
859 2809 916 2895 qui
931 2807 1022 2877 hune
1036 2819 1109 2877 sunt
1123 2813 1266 2899 sequuti,

151 2933 220 2981 uon
232 2920 370 3003 possent
381 2909 601 3002 reprehendi,
627 2909 721 2997 quod
735 2909 907 2995 latiorem,
932 2934 1034 2999 quam
1050 2935 1166 2981 eorum
1182 2937 1266 2981 con-

97 3095 100 3101 „
150 3017 259 3084 silium
275 3017 423 3098 ferebat,
448 3035 581 3104 poenae
598 3012 873 3103 significationem
889 3025 1108 3103 usurpassent.
1147 3018 1266 3106 Itaque

149 3142 228 3204 nos,
245 3118 422 3207 quoniam,
443 3118 470 3184 si
485 3115 624 3204 aliquod
639 3117 682 3182 ab
695 3116 769 3205 ipsa
783 3114 900 3183 natura
914 3118 1000 3184 inter
1012 3117 1164 3187 homines
1182 3141 1266 3186 cou-

149 3223 299 3290 stitutum
314 3224 363 3288 es‘t
373 3222 423 3288 ius
435 3219 614 3310 puniendi,
628 3218 665 3285 id
677 3241 745 3285 non
758 3210 820 3284 nisi
835 3219 1064 3310 perfectorum
1076 3223 1267 3291 officiorum

149 3325 297 3393 laesione
314 3325 374 3391 niti
387 3332 517 3421 pptest,
542 3344 675 3412 poenae
688 3321 857 3390 vocabulo
872 3322 942 3392 hoc
960 3325 1086 3391 malum
1101 3325 1265 3414 intelligi-

149 3450 240 3512 mus,
266 3450 334 3516 quo
349 3424 429 3515 quis*
447 3434 629 3516 propterea
642 3418 839 3493 afficiendus
858 3426 915 3511 sit,
942 3427 1020 3516 quia
1035 3428 1179 3496 aliorum
1192 3428 1266 3495 iura

148 3529 340 3622 violaverit,
365 3529 430 3596 i.‘e.
443 3552 502 3597 sua
520 3528 633 3596 officia
650 3529 804 3622 perfecta
822 3529 1016 3619 neglexerit.

251 3633 359 3724 Igitur
375 3632 402 3698 si
413 3631 554 3698 naturali
567 3630 638 3696 iure
652 3632 850 3720 permissum
858 3640 1026 3721 putamus,
1042 3654 1120 3698 eum
1133 3631 1265 3720 punire,

150 3754 262 3826 aquo
289 3736 398 3802 laesus
423 3734 544 3818 fueris,
575 3754 710 3800 necesse
744 3743 809 3819 est,
834 3743 871 3802 ut
893 3734 967 3824 ipsa
989 3734 1093 3800 laesio
1114 3756 1265 3805 caussam

149 3829 332 3924 contineat,
359 3860 462 3925 quare
476 3836 622 3904 laedenti
636 3836 763 3902 malum
775 3836 943 3903 afferatur.
975 3836 1119 3906 Licitum
1137 3846 1185 3904 est
1201 3859 1263 3904 au-

149 3951 218 4008 tem
232 3965 327 4026 eum,
354 3941 412 4028 qui
421 3940 493 4007 iura
510 3947 622 4005 nostra
635 3938 746 4023 laesit,
771 3961 839 4005 non
853 3939 958 4006 modo
971 3961 1103 4029 poenae
1117 3940 1263 4022 nomine,

150 4043 211 4111 sed
228 4045 328 4111 etiam
343 4067 384 4110 ex
399 4043 469 4124 aliis
487 4041 607 4110 caussis
619 4042 710 4106 malo
725 4040 872 4109 afficere.
899 4041 1129 4125 Quamobrem
1143 4057 1264 4111 'cavere

106 4219 112 4238 ⁴
149 4156 303 4237 oportet,
329 4169 373 4212 ne
386 4146 423 4212 id
440 4145 537 4228 mali,
565 4164 633 4232 quo
650 4143 694 4209 ad
706 4166 854 4234 poenam
868 4145 1012 4233 utimur,
1028 4167 1107 4216 cum
1123 4167 1165 4212 eo
1180 4164 1263 4212 con-

146 4249 343 4333 fundamus,
369 4249 461 4316 cuius
474 4247 649 4340 infligendi
664 4247 751 4316 aliae
765 4269 897 4319 caussae
914 4260 1000 4323 suut.
1052 4249 1107 4318 Ac
1122 4268 1262 4319 conces-
