<?xml version="1.0" encoding="UTF-8"?>
<!DOCTYPE html PUBLIC "-//W3C//DTD XHTML 1.0 Transitional//EN"
    "http://www.w3.org/TR/xhtml1/DTD/xhtml1-transitional.dtd">
<html xmlns="http://www.w3.org/1999/xhtml" xml:lang="en" lang="en">
 <head>
  <title>
</title>
<meta http-equiv="Content-Type" content="text/html;charset=utf-8" />
  <meta name='ocr-system' content='tesseract 3.04.00' />
  <meta name='ocr-capabilities' content='ocr_page ocr_carea ocr_par ocr_line ocrx_word'/>
</head>
<body>
  <div class='ocr_page' id='page_1' title='image "./opuscula02hermgoog/opuscula02hermgoog_0178.png"; bbox 0 0 2826 4904; ppageno 0'>
   <div class='ocr_carea' id='block_1_1' title="bbox 464 305 936 371">
    <p class='ocr_par' dir='ltr' id='par_1_1' title="bbox 464 305 936 371">
     <span class='ocr_line' id='line_1_1' title="bbox 464 305 936 371; baseline 0.006 -4"><span class='ocrx_word' id='word_1_1' title='bbox 464 305 727 370; x_wconf 75' lang='lat' dir='ltr'><strong>IN&#39;GRAECA</strong></span> <span class='ocrx_word' id='word_1_2' title='bbox 747 307 936 371; x_wconf 78' lang='lat' dir='ltr'><strong>nlucvl.</strong></span> 
     </span>
    </p>
   </div>
   <div class='ocr_carea' id='block_1_2' title="bbox 247 474 1111 784">
    <p class='ocr_par' dir='ltr' id='par_1_2' title="bbox 247 474 1088 784">
     <span class='ocr_line' id='line_1_2' title="bbox 557 474 1047 604; baseline 0.006 -52"><span class='ocrx_word' id='word_1_3' title='bbox 557 474 696 604; x_wconf 27' lang='grc' dir='ltr'><strong><em>ἦνδγ</em></strong></span> <span class='ocrx_word' id='word_1_4' title='bbox 675 507 748 576; x_wconf 83' lang='grc' dir='ltr'><strong><em>ερις</em></strong></span> <span class='ocrx_word' id='word_1_5' title='bbox 764 476 1047 579; x_wconf 75' lang='grc' dir='ltr'><strong><em>στρατηλάταις,</em></strong></span> 
     </span>
     <span class='ocr_line' id='line_1_3' title="bbox 247 573 1111 682; baseline 0.006 -31"><span class='ocrx_word' id='word_1_6' title='bbox 247 585 288 651; x_wconf 85' lang='grc' dir='ltr'><strong>οἲ</strong></span> <span class='ocrx_word' id='word_1_7' title='bbox 298 582 380 671; x_wconf 88' lang='grc' dir='ltr'><strong><em>μέν,</em></strong></span> <span class='ocrx_word' id='word_1_8' title='bbox 406 573 566 662; x_wconf 78' lang='grc' dir='ltr'><strong><em>πατόξαι</em></strong></span> <span class='ocrx_word' id='word_1_9' title='bbox 582 577 724 678; x_wconf 74' lang='grc' dir='ltr'><strong><em>πρόσθε</em></strong></span> <span class='ocrx_word' id='word_1_10' title='bbox 740 589 963 682; x_wconf 76' lang='grc' dir='ltr'><strong><em>Πολυνείκην</em></strong></span> <span class='ocrx_word' id='word_1_11' title='bbox 984 584 1111 680; x_wconf 75' lang='grc' dir='ltr'><strong><em>δορί,</em></strong></span> 
     </span>
     <span class='ocr_line' id='line_1_4' title="bbox 247 676 1044 784; baseline 0.01 -33"><span class='ocrx_word' id='word_1_12' title='bbox 247 688 288 753; x_wconf 83' lang='grc' dir='ltr'><strong>οὶ</strong></span> <span class='ocrx_word' id='word_1_13' title='bbox 307 678 358 771; x_wconf 89' lang='lat' dir='ltr'><strong>d,</strong></span> <span class='ocrx_word' id='word_1_14' title='bbox 386 679 430 762; x_wconf 76' lang='lat' dir='ltr'><strong>uic</strong></span> <span class='ocrx_word' id='word_1_15' title='bbox 449 676 641 756; x_wconf 72' lang='grc' dir='ltr'><strong><em>θανόντων</em></strong></span> <span class='ocrx_word' id='word_1_16' title='bbox 664 681 876 779; x_wconf 77' lang='grc' dir='ltr'><strong><em>οὖδαμοῠ’</em></strong></span> <span class='ocrx_word' id='word_1_17' title='bbox 840 713 917 784; x_wconf 80' lang='grc' dir='ltr'><strong><em>νιιη</em></strong></span> <span class='ocrx_word' id='word_1_18' title='bbox 932 689 1044 763; x_wconf 81' lang='grc' dir='ltr'><strong><em>πέλοι.</em></strong></span> 
     </span>
    </p>
   </div>
   <div class='ocr_carea' id='block_1_3' title="bbox 140 804 1255 1424">
    <p class='ocr_par' dir='ltr' id='par_1_3' title="bbox 142 804 1251 941">
     <span class='ocr_line' id='line_1_5' title="bbox 142 804 1251 941; baseline 0.007 -56"><span class='ocrx_word' id='word_1_19' title='bbox 142 815 298 906; x_wconf 84' lang='lat' dir='ltr'><strong>Denique</strong></span> <span class='ocrx_word' id='word_1_20' title='bbox 322 817 467 886; x_wconf 87' lang='lat' dir='ltr'><strong>Diodori</strong></span> <span class='ocrx_word' id='word_1_21' title='bbox 489 819 660 904; x_wconf 84' lang='lat' dir='ltr'><strong>verba‚&#39;&#39;</strong></span> <span class='ocrx_word' id='word_1_22' title='bbox 639 841 799 915; x_wconf 84' lang='grc' dir='ltr'><strong><em>επεμψεν</em></strong></span> <span class='ocrx_word' id='word_1_23' title='bbox 818 804 1084 919; x_wconf 77' lang='grc' dir='ltr'><strong><em>οἷμγελιαφόρον</em></strong></span> <span class='ocrx_word' id='word_1_24' title='bbox 1106 849 1177 941; x_wconf 78' lang='grc' dir='ltr'><strong>μη</strong></span> <span class='ocrx_word' id='word_1_25' title='bbox 1150 816 1251 894; x_wconf 80' lang='grc' dir='ltr'><strong>θο-</strong></span> 
     </span>
    </p>

    <p class='ocr_par' dir='ltr' id='par_1_4' title="bbox 141 915 1255 1016">
     <span class='ocr_line' id='line_1_6' title="bbox 141 915 1255 1016; baseline 0.004 -26"><span class='ocrx_word' id='word_1_26' title='bbox 141 924 341 1014; x_wconf 79' lang='grc' dir='ltr'><strong><em>ροβεῖσδαι</em></strong></span> <span class='ocrx_word' id='word_1_27' title='bbox 355 915 489 1011; x_wconf 75' lang='grc' dir='ltr'><strong><em>αὐτόν,</em></strong></span> <span class='ocrx_word' id='word_1_28' title='bbox 513 922 598 990; x_wconf 89' lang='lat' dir='ltr'><strong>nihil</strong></span> <span class='ocrx_word' id='word_1_29' title='bbox 618 922 709 990; x_wconf 92' lang='lat' dir='ltr'><strong>aliud</strong></span> <span class='ocrx_word' id='word_1_30' title='bbox 734 924 939 1015; x_wconf 83' lang='lat' dir='ltr'><strong>significant,</strong></span> <span class='ocrx_word' id='word_1_31' title='bbox 965 948 1067 1015; x_wconf 92' lang='lat' dir='ltr'><strong>quam</strong></span> <span class='ocrx_word' id='word_1_32' title='bbox 1082 922 1126 998; x_wconf 92' lang='grc' dir='ltr'><strong>δι</strong></span> <span class='ocrx_word' id='word_1_33' title='bbox 1152 919 1255 1016; x_wconf 77' lang='lat' dir='ltr'><strong>oiyya·</strong></span> 
     </span>
    </p>

    <p class='ocr_par' dir='ltr' id='par_1_5' title="bbox 140 1015 1255 1423">
     <span class='ocr_line' id='line_1_7' title="bbox 140 1015 1255 1118; baseline 0 -24"><span class='ocrx_word' id='word_1_34' title='bbox 140 1015 324 1118; x_wconf 85' lang='grc' dir='ltr'><strong><em>λιαφόροα</em></strong></span> <span class='ocrx_word' id='word_1_35' title='bbox 348 1025 526 1116; x_wconf 78' lang='grc' dir='ltr'><strong><em>ἐκέλευσε,</em></strong></span> <span class='ocrx_word' id='word_1_36' title='bbox 565 1026 852 1114; x_wconf 82' lang='lat' dir='ltr'><strong>quemadmodum</strong></span> <span class='ocrx_word' id='word_1_37' title='bbox 885 1029 1077 1118; x_wconf 84' lang='lat' dir='ltr'><strong>saepissime</strong></span> <span class='ocrx_word' id='word_1_38' title='bbox 1100 1026 1255 1117; x_wconf 79' lang='grc' dir='ltr'><strong><em>πέμπειν</em></strong></span> 
     </span>
     <span class='ocr_line' id='line_1_8' title="bbox 144 1125 1254 1221; baseline -0.001 -29"><span class='ocrx_word' id='word_1_39' title='bbox 144 1132 178 1193; x_wconf 89' lang='lat' dir='ltr'><strong>et</strong></span> <span class='ocrx_word' id='word_1_40' title='bbox 191 1147 279 1212; x_wconf 89' lang='lat' dir='ltr'><strong>quae</strong></span> <span class='ocrx_word' id='word_1_41' title='bbox 299 1125 420 1193; x_wconf 87' lang='lat' dir='ltr'><strong>similia</strong></span> <span class='ocrx_word' id='word_1_42' title='bbox 441 1136 534 1213; x_wconf 89' lang='lat' dir='ltr'><strong>sunt,</strong></span> <span class='ocrx_word' id='word_1_43' title='bbox 559 1150 624 1221; x_wconf 89' lang='lat' dir='ltr'><strong>pro</strong></span> <span class='ocrx_word' id='word_1_44' title='bbox 650 1128 703 1196; x_wconf 87' lang='lat' dir='ltr'><strong>his</strong></span> <span class='ocrx_word' id='word_1_45' title='bbox 727 1129 794 1199; x_wconf 93' lang='lat' dir='ltr'><strong>dici</strong></span> <span class='ocrx_word' id='word_1_46' title='bbox 814 1131 939 1216; x_wconf 82' lang='lat' dir='ltr'><strong>solent,</strong></span> <span class='ocrx_word' id='word_1_47' title='bbox 964 1152 1051 1220; x_wconf 88' lang='lat' dir='ltr'><strong>quae</strong></span> <span class='ocrx_word' id='word_1_48' title='bbox 1071 1126 1254 1196; x_wconf 90' lang='lat' dir='ltr'><strong>istiusmodi</strong></span> 
     </span>
     <span class='ocr_line' id='line_1_9' title="bbox 143 1227 1255 1352; baseline 0 -56"><span class='ocrx_word' id='word_1_49' title='bbox 143 1227 255 1296; x_wconf 86' lang='lat' dir='ltr'><strong>verbis</strong></span> <span class='ocrx_word' id='word_1_50' title='bbox 269 1228 514 1319; x_wconf 88' lang='lat' dir='ltr'><strong>comprehensa</strong></span> <span class='ocrx_word' id='word_1_51' title='bbox 531 1232 729 1352; x_wconf 80' lang='lat' dir='ltr'><strong>cogitantur.</strong></span> <span class='ocrx_word' id='word_1_52' title='bbox 780 1233 918 1304; x_wconf 87' lang='lat' dir='ltr'><strong>Rectius</strong></span> <span class='ocrx_word' id='word_1_53' title='bbox 942 1232 1105 1302; x_wconf 86' lang='lat' dir='ltr'><strong>attulisset</strong></span> <span class='ocrx_word' id='word_1_54' title='bbox 1124 1229 1255 1300; x_wconf 86' lang='lat' dir='ltr'><strong>Sohae-</strong></span> 
     </span>
     <span class='ocr_line' id='line_1_10' title="bbox 140 1326 1027 1424; baseline 0.006 -27"><span class='ocrx_word' id='word_1_55' title='bbox 140 1326 340 1401; x_wconf 84' lang='lat' dir='ltr'><strong>ferushunc</strong></span> <span class='ocrx_word' id='word_1_56' title='bbox 353 1330 537 1423; x_wconf 86' lang='lat' dir='ltr'><strong>Sophoclis</strong></span> <span class='ocrx_word' id='word_1_57' title='bbox 556 1334 691 1424; x_wconf 87' lang='lat' dir='ltr'><strong>locum,</strong></span> <span class='ocrx_word' id='word_1_58' title='bbox 716 1335 751 1402; x_wconf 93' lang='lat' dir='ltr'><strong>in</strong></span> <span class='ocrx_word' id='word_1_59' title='bbox 768 1334 856 1404; x_wconf 90' lang='lat' dir='ltr'><strong>0ed.</strong></span> <span class='ocrx_word' id='word_1_60' title='bbox 872 1338 915 1405; x_wconf 89' lang='lat' dir='ltr'><strong>R.</strong></span> <span class='ocrx_word' id='word_1_61' title='bbox 939 1330 1027 1402; x_wconf 80' lang='lat'><strong>536.</strong></span> 
     </span>
    </p>
   </div>
   <div class='ocr_carea' id='block_1_4' title="bbox 241 1480 1103 1891">
    <p class='ocr_par' dir='ltr' id='par_1_6' title="bbox 243 1480 1101 1789">
     <span class='ocr_line' id='line_1_11' title="bbox 245 1480 1027 1613; baseline 0 -55"><span class='ocrx_word' id='word_1_62' title='bbox 245 1483 314 1608; x_wconf 84' lang='grc' dir='ltr'><strong>φέρ</strong></span> <span class='ocrx_word' id='word_1_63' title='bbox 320 1480 421 1558; x_wconf 79' lang='grc' dir='ltr'><strong><em>εἰπέ</em></strong></span> <span class='ocrx_word' id='word_1_64' title='bbox 438 1512 528 1584; x_wconf 84' lang='grc' dir='ltr'><strong><em>προς</em></strong></span> <span class='ocrx_word' id='word_1_65' title='bbox 541 1486 661 1578; x_wconf 78' lang='grc' dir='ltr'><strong><em>θεόν,</em></strong></span> <span class='ocrx_word' id='word_1_66' title='bbox 689 1487 864 1585; x_wconf 82' lang='grc' dir='ltr'><strong><em>δειλίανῆ</em></strong></span> <span class='ocrx_word' id='word_1_67' title='bbox 885 1484 1027 1613; x_wconf 78' lang='grc' dir='ltr'><strong><em>μωρίαν</em></strong></span> 
     </span>
     <span class='ocr_line' id='line_1_12' title="bbox 245 1581 1103 1718; baseline 0.004 -60"><span class='ocrx_word' id='word_1_68' title='bbox 245 1581 331 1659; x_wconf 72' lang='lat' dir='ltr'><strong>idda</strong></span> <span class='ocrx_word' id='word_1_69' title='bbox 337 1585 421 1711; x_wconf 39' lang='lat' dir='ltr'><strong>²&#39;fetor&#39;</strong></span> <span class='ocrx_word' id='word_1_70' title='bbox 436 1592 475 1661; x_wconf 82' lang='grc' dir='ltr'><strong><em>έν</em></strong></span> <span class='ocrx_word' id='word_1_71' title='bbox 471 1589 598 1708; x_wconf 57' lang='lat' dir='ltr'><strong>fimi&gt;</strong></span> <span class='ocrx_word' id='word_1_72' title='bbox 624 1590 720 1663; x_wconf 75' lang='grc' dir='ltr'><strong><em>ταῦτ</em></strong></span> <span class='ocrx_word' id='word_1_73' title='bbox 725 1586 949 1718; x_wconf 78' lang='grc' dir='ltr'><strong><em>’ἐβουλεύσω</em></strong></span> <span class='ocrx_word' id='word_1_74' title='bbox 962 1591 1103 1661; x_wconf 84' lang='grc' dir='ltr'><strong><em>ποιεῖν·</em></strong></span> <span class='ocrx_word' id='word_1_75' title='bbox 1089 1641 1101 1677; x_wconf 87' lang='grc'><strong><em>,</em></strong></span> 
     </span>
     <span class='ocr_line' id='line_1_13' title="bbox 241 1686 979 1811; baseline 0.003 -50.005"><span class='ocrx_word' id='word_1_76' title='bbox 241 1687 439 1811; x_wconf 80' lang='grc' dir='ltr'><strong><em>ἢτοῦργον</em></strong></span> <span class='ocrx_word' id='word_1_77' title='bbox 453 1717 498 1771; x_wconf 84' lang='grc' dir='ltr'><strong>ως</strong></span> <span class='ocrx_word' id='word_1_78' title='bbox 520 1688 565 1764; x_wconf 80' lang='grc' dir='ltr'><strong>οὐ</strong></span> <span class='ocrx_word' id='word_1_79' title='bbox 587 1691 799 1811; x_wconf 76' lang='grc' dir='ltr'><strong><em>μνωρίσμιμί</em></strong></span> <span class='ocrx_word' id='word_1_80' title='bbox 812 1718 878 1765; x_wconf 89' lang='grc' dir='ltr'><strong>σου</strong></span> <span class='ocrx_word' id='word_1_81' title='bbox 893 1686 979 1764; x_wconf 89' lang='grc' dir='ltr'><strong><em>τόδε</em></strong></span> 
     </span>
    </p>

    <p class='ocr_par' dir='ltr' id='par_1_7' title="bbox 242 1785 1064 1891">
     <span class='ocr_line' id='line_1_14' title="bbox 242 1785 1064 1891; baseline 0 -27"><span class='ocrx_word' id='word_1_82' title='bbox 242 1785 334 1886; x_wconf 82' lang='grc' dir='ltr'><strong><em>δόλῳ</em></strong></span> <span class='ocrx_word' id='word_1_83' title='bbox 351 1793 564 1891; x_wconf 68' lang='grc' dir='ltr'><strong><em>προσέρπον,</em></strong></span> <span class='ocrx_word' id='word_1_84' title='bbox 590 1820 675 1867; x_wconf 84' lang='grc' dir='ltr'><strong><em>νουν</em></strong></span> <span class='ocrx_word' id='word_1_85' title='bbox 697 1791 889 1891; x_wconf 77' lang='grc' dir='ltr'><strong><em>οέλεξοίμην</em></strong></span> <span class='ocrx_word' id='word_1_86' title='bbox 910 1785 1064 1885; x_wconf 60' lang='lat' dir='ltr'><strong>potuim</strong></span> 
     </span>
    </p>
   </div>
   <div class='ocr_carea' id='block_1_5' title="bbox 136 1937 1322 2757">
    <p class='ocr_par' dir='ltr' id='par_1_8' title="bbox 136 1937 1322 2757">
     <span class='ocr_line' id='line_1_15' title="bbox 139 1937 1322 2040; baseline -0.003 -26"><span class='ocrx_word' id='word_1_87' title='bbox 139 1944 356 2035; x_wconf 76' lang='lat' dir='ltr'><strong>Quamquam</strong></span> <span class='ocrx_word' id='word_1_88' title='bbox 384 1942 445 2014; x_wconf 92' lang='lat' dir='ltr'><strong>hic</strong></span> <span class='ocrx_word' id='word_1_89' title='bbox 474 1967 611 2036; x_wconf 90' lang='lat' dir='ltr'><strong>quoque</strong></span> <span class='ocrx_word' id='word_1_90' title='bbox 639 1949 747 2016; x_wconf 75' lang='lat' dir='ltr'><strong>velius</strong></span> <span class='ocrx_word' id='word_1_91' title='bbox 779 1938 972 2040; x_wconf 76' lang='grc' dir='ltr'><strong><em>α’πολαβων</em></strong></span> <span class='ocrx_word' id='word_1_92' title='bbox 1004 1944 1060 2014; x_wconf 86' lang='lat' dir='ltr'><strong>vel</strong></span> <span class='ocrx_word' id='word_1_93' title='bbox 1085 1937 1322 2029; x_wconf 82' lang='grc' dir='ltr'><strong><em>έλπίζων,126</em></strong></span> 
     </span>
     <span class='ocr_line' id='line_1_16' title="bbox 138 2036 1253 2142; baseline -0.003 -26"><span class='ocrx_word' id='word_1_94' title='bbox 138 2048 235 2137; x_wconf 91' lang='lat' dir='ltr'><strong>quod</strong></span> <span class='ocrx_word' id='word_1_95' title='bbox 255 2047 443 2118; x_wconf 88' lang='lat' dir='ltr'><strong>Brunckius</strong></span> <span class='ocrx_word' id='word_1_96' title='bbox 464 2049 721 2142; x_wconf 83' lang='lat' dir='ltr'><strong>intelligendum</strong></span> <span class='ocrx_word' id='word_1_97' title='bbox 749 2050 887 2136; x_wconf 90' lang='lat' dir='ltr'><strong>dicit,</strong></span> <span class='ocrx_word' id='word_1_98' title='bbox 876 2073 913 2117; x_wconf 89' lang='grc' dir='ltr'><strong>ιιι</strong></span> <span class='ocrx_word' id='word_1_99' title='bbox 941 2068 1140 2141; x_wconf 86' lang='lat' dir='ltr'><strong>praegresso</strong></span> <span class='ocrx_word' id='word_1_100' title='bbox 1168 2036 1253 2117; x_wconf 86' lang='grc' dir='ltr'><strong><em>ἰδων</em></strong></span> 
     </span>
     <span class='ocr_line' id='line_1_17' title="bbox 137 2141 1253 2244; baseline -0.002 -27"><span class='ocrx_word' id='word_1_101' title='bbox 137 2151 246 2220; x_wconf 88' lang='lat' dir='ltr'><strong>latere</strong></span> <span class='ocrx_word' id='word_1_102' title='bbox 266 2150 446 2220; x_wconf 85' lang='lat' dir='ltr'><strong>iudicabis:</strong></span> <span class='ocrx_word' id='word_1_103' title='bbox 479 2175 548 2240; x_wconf 91' lang='lat' dir='ltr'><strong>quo</strong></span> <span class='ocrx_word' id='word_1_104' title='bbox 568 2175 637 2221; x_wconf 88' lang='lat' dir='ltr'><strong>non</strong></span> <span class='ocrx_word' id='word_1_105' title='bbox 656 2176 856 2244; x_wconf 83' lang='lat' dir='ltr'><strong>praegresso</strong></span> <span class='ocrx_word' id='word_1_106' title='bbox 881 2172 950 2219; x_wconf 90' lang='lat' dir='ltr'><strong>non</strong></span> <span class='ocrx_word' id='word_1_107' title='bbox 977 2158 1113 2241; x_wconf 87' lang='lat' dir='ltr'><strong>poterat</strong></span> <span class='ocrx_word' id='word_1_108' title='bbox 1144 2172 1188 2223; x_wconf 77' lang='grc' dir='ltr'><strong>ως</strong></span> <span class='ocrx_word' id='word_1_109' title='bbox 1211 2141 1253 2216; x_wconf 81' lang='lat' dir='ltr'><strong>od</strong></span> 
     </span>
     <span class='ocr_line' id='line_1_18' title="bbox 136 2246 1252 2347; baseline -0.011 -23"><span class='ocrx_word' id='word_1_110' title='bbox 136 2250 356 2347; x_wconf 74' lang='grc' dir='ltr'><strong><em>γνωρίσαιμι</em></strong></span> <span class='ocrx_word' id='word_1_111' title='bbox 370 2250 496 2319; x_wconf 79' lang='lat' dir='ltr'><strong>subiici</strong></span> <span class='ocrx_word' id='word_1_112' title='bbox 546 2253 666 2321; x_wconf 84' lang='lat' dir='ltr'><strong>Finem</strong></span> <span class='ocrx_word' id='word_1_113' title='bbox 679 2278 747 2323; x_wconf 90' lang='lat' dir='ltr'><strong>non</strong></span> <span class='ocrx_word' id='word_1_114' title='bbox 760 2253 961 2337; x_wconf 83' lang='lat' dir='ltr'><strong>invenirem,</strong></span> <span class='ocrx_word' id='word_1_115' title='bbox 987 2252 1014 2319; x_wconf 88' lang='lat' dir='ltr'><strong>si</strong></span> <span class='ocrx_word' id='word_1_116' title='bbox 1028 2253 1125 2319; x_wconf 87' lang='lat' dir='ltr'><strong>istam</strong></span> <span class='ocrx_word' id='word_1_117' title='bbox 1143 2246 1252 2315; x_wconf 87' lang='lat' dir='ltr'><strong>Grae-</strong></span> 
     </span>
     <span class='ocr_line' id='line_1_19' title="bbox 136 2330 1253 2447; baseline -0.008 -22"><span class='ocrx_word' id='word_1_118' title='bbox 136 2376 260 2425; x_wconf 87' lang='lat' dir='ltr'><strong>comm</strong></span> <span class='ocrx_word' id='word_1_119' title='bbox 280 2352 574 2440; x_wconf 85' lang='lat' dir='ltr'><strong>consuetudinem,</strong></span> <span class='ocrx_word' id='word_1_120' title='bbox 600 2356 705 2424; x_wconf 86' lang='lat' dir='ltr'><strong>verba</strong></span> <span class='ocrx_word' id='word_1_121' title='bbox 725 2355 770 2424; x_wconf 92' lang='lat' dir='ltr'><strong>ad</strong></span> <span class='ocrx_word' id='word_1_122' title='bbox 792 2355 830 2423; x_wconf 90' lang='lat' dir='ltr'><strong>id</strong></span> <span class='ocrx_word' id='word_1_123' title='bbox 849 2357 978 2447; x_wconf 77' lang='lat' dir='ltr'><strong>magia,</strong></span> <span class='ocrx_word' id='word_1_124' title='bbox 1005 2330 1099 2443; x_wconf 92' lang='lat' dir='ltr'><strong>quod</strong></span> <span class='ocrx_word' id='word_1_125' title='bbox 1121 2348 1253 2440; x_wconf 84' lang='lat' dir='ltr'><strong>eogita-</strong></span> 
     </span>
     <span class='ocr_line' id='line_1_20' title="bbox 138 2454 1253 2545; baseline -0.006 -19"><span class='ocrx_word' id='word_1_126' title='bbox 138 2467 232 2543; x_wconf 86' lang='lat' dir='ltr'><strong>tum,</strong></span> <span class='ocrx_word' id='word_1_127' title='bbox 257 2478 361 2544; x_wconf 88' lang='lat' dir='ltr'><strong>quam</strong></span> <span class='ocrx_word' id='word_1_128' title='bbox 376 2456 471 2545; x_wconf 85' lang='lat' dir='ltr'><strong>quod</strong></span> <span class='ocrx_word' id='word_1_129' title='bbox 494 2457 622 2526; x_wconf 90' lang='lat' dir='ltr'><strong>dictum</strong></span> <span class='ocrx_word' id='word_1_130' title='bbox 643 2468 728 2543; x_wconf 80' lang='lat' dir='ltr'><strong>erat,</strong></span> <span class='ocrx_word' id='word_1_131' title='bbox 755 2456 1053 2542; x_wconf 89' lang='lat' dir='ltr'><strong>accommodandi,</strong></span> <span class='ocrx_word' id='word_1_132' title='bbox 1078 2454 1253 2523; x_wconf 77' lang='lat' dir='ltr'><strong>enumera-</strong></span> 
     </span>
     <span class='ocr_line' id='line_1_21' title="bbox 138 2558 1253 2649; baseline -0.006 -21"><span class='ocrx_word' id='word_1_133' title='bbox 138 2563 231 2629; x_wconf 90' lang='lat' dir='ltr'><strong>tione</strong></span> <span class='ocrx_word' id='word_1_134' title='bbox 256 2559 461 2643; x_wconf 84' lang='lat' dir='ltr'><strong>formarum‚</strong></span> <span class='ocrx_word' id='word_1_135' title='bbox 495 2560 530 2626; x_wconf 92' lang='lat' dir='ltr'><strong>in</strong></span> <span class='ocrx_word' id='word_1_136' title='bbox 552 2561 674 2649; x_wconf 88' lang='lat' dir='ltr'><strong>quibus</strong></span> <span class='ocrx_word' id='word_1_137' title='bbox 695 2561 753 2631; x_wconf 91' lang='lat' dir='ltr'><strong>hic</strong></span> <span class='ocrx_word' id='word_1_138' title='bbox 776 2584 854 2628; x_wconf 87' lang='lat' dir='ltr'><strong>usus</strong></span> <span class='ocrx_word' id='word_1_139' title='bbox 878 2560 1056 2644; x_wconf 86' lang='lat' dir='ltr'><strong>invenitur,</strong></span> <span class='ocrx_word' id='word_1_140' title='bbox 1087 2558 1253 2625; x_wconf 88' lang='lat' dir='ltr'><strong>illustrare</strong></span> 
     </span>
     <span class='ocr_line' id='line_1_22' title="bbox 137 2655 1252 2757; baseline -0.005 -27"><span class='ocrx_word' id='word_1_141' title='bbox 137 2665 272 2731; x_wconf 87' lang='lat' dir='ltr'><strong>vellem.</strong></span> <span class='ocrx_word' id='word_1_142' title='bbox 332 2661 422 2729; x_wconf 87' lang='lat' dir='ltr'><strong>Satis</strong></span> <span class='ocrx_word' id='word_1_143' title='bbox 453 2684 542 2731; x_wconf 91' lang='lat' dir='ltr'><strong>nunc</strong></span> <span class='ocrx_word' id='word_1_144' title='bbox 570 2655 628 2749; x_wconf 84' lang='lat' dir='ltr'><strong>sit,</strong></span> <span class='ocrx_word' id='word_1_145' title='bbox 672 2664 742 2733; x_wconf 93' lang='lat' dir='ltr'><strong>duo</strong></span> <span class='ocrx_word' id='word_1_146' title='bbox 776 2663 899 2732; x_wconf 88' lang='lat' dir='ltr'><strong>diversi</strong></span> <span class='ocrx_word' id='word_1_147' title='bbox 931 2664 1064 2757; x_wconf 83' lang='lat' dir='ltr'><strong>generis</strong></span> <span class='ocrx_word' id='word_1_148' title='bbox 1097 2659 1252 2749; x_wconf 83' lang='lat' dir='ltr'><strong>exempla</strong></span> 
     </span>
    </p>
   </div>
   <div class='ocr_carea' id='block_1_6' title="bbox 137 2763 856 2854">
    <p class='ocr_par' dir='ltr' id='par_1_9' title="bbox 137 2763 856 2854">
     <span class='ocr_line' id='line_1_23' title="bbox 137 2763 856 2854; baseline 0.003 -22"><span class='ocrx_word' id='word_1_149' title='bbox 137 2766 293 2834; x_wconf 87' lang='lat' dir='ltr'><strong>attulisse.</strong></span> <span class='ocrx_word' id='word_1_150' title='bbox 345 2763 540 2854; x_wconf 89' lang='lat' dir='ltr'><strong>Sophocles</strong></span> <span class='ocrx_word' id='word_1_151' title='bbox 563 2766 597 2832; x_wconf 90' lang='lat' dir='ltr'><strong>in</strong></span> <span class='ocrx_word' id='word_1_152' title='bbox 620 2767 747 2837; x_wconf 88' lang='lat' dir='ltr'><strong>Trach.</strong></span> <span class='ocrx_word' id='word_1_153' title='bbox 770 2763 856 2834; x_wconf 80' lang='lat'><strong>259.</strong></span> 
     </span>
    </p>
   </div>
   <div class='ocr_carea' id='block_1_7' title="bbox 125 2897 1077 3204">
    <p class='ocr_par' dir='ltr' id='par_1_10' title="bbox 125 2897 1067 3204">
     <span class='ocr_line' id='line_1_24' title="bbox 712 2897 980 3026; baseline -0.015 -49"><span class='ocrx_word' id='word_1_154' title='bbox 712 2905 859 3026; x_wconf 74' lang='grc' dir='ltr'><strong><em>ἔρχεται</em></strong></span> <span class='ocrx_word' id='word_1_155' title='bbox 873 2897 980 2976; x_wconf 85' lang='grc' dir='ltr'><strong><em>πόλιν</em></strong></span> 
     </span>
     <span class='ocr_line' id='line_1_25' title="bbox 239 2996 983 3126; baseline 0 -50"><span class='ocrx_word' id='word_1_156' title='bbox 239 2996 307 3126; x_wconf 80' lang='grc' dir='ltr'><strong><em>τήν</em></strong></span> <span class='ocrx_word' id='word_1_157' title='bbox 322 2999 546 3099; x_wconf 76' lang='grc' dir='ltr'><strong><em>Εὐρωτείαν</em></strong></span> <span class='ocrx_word' id='word_1_158' title='bbox 572 2999 680 3080; x_wconf 87' lang='grc' dir='ltr'><strong><em>τόνδε</em></strong></span> <span class='ocrx_word' id='word_1_159' title='bbox 700 3033 771 3101; x_wconf 75' lang='grc' dir='ltr'><strong>γαρ</strong></span> <span class='ocrx_word' id='word_1_160' title='bbox 790 3003 983 3099; x_wconf 76' lang='grc' dir='ltr'><strong><em>μεταίτιον</em></strong></span> 
     </span>
     <span class='ocr_line' id='line_1_26' title="bbox 125 3099 1077 3204; baseline 0 -27"><span class='ocrx_word' id='word_1_161' title='bbox 125 3143 127 3149; x_wconf 94' lang='grc'><strong><em>·</em></strong></span> <span class='ocrx_word' id='word_1_162' title='bbox 237 3099 355 3199; x_wconf 89' lang='grc' dir='ltr'><strong><em>μόνον</em></strong></span> <span class='ocrx_word' id='word_1_163' title='bbox 367 3106 551 3202; x_wconf 80' lang='grc' dir='ltr'><strong><em>βροτων”</em></strong></span> <span class='ocrx_word' id='word_1_164' title='bbox 529 3134 662 3204; x_wconf 83' lang='grc' dir='ltr'><strong><em>εφασιε</em></strong></span> <span class='ocrx_word' id='word_1_165' title='bbox 681 3105 787 3182; x_wconf 78' lang='grc' dir='ltr'><strong><em>τοῦδ’</em></strong></span> <span class='ocrx_word' id='word_1_166' title='bbox 809 3105 903 3183; x_wconf 86' lang='grc' dir='ltr'><strong><em>εἶναι</em></strong></span> <span class='ocrx_word' id='word_1_167' title='bbox 923 3100 1077 3185; x_wconf 79' lang='grc' dir='ltr'><strong><em>πόθοις</em></strong></span> 
     </span>
    </p>
   </div>
   <div class='ocr_carea' id='block_1_8' title="bbox 134 3240 715 3333">
    <p class='ocr_par' dir='ltr' id='par_1_11' title="bbox 134 3240 715 3333">
     <span class='ocr_line' id='line_1_27' title="bbox 134 3240 715 3333; baseline -0.004 -21"><span class='ocrx_word' id='word_1_168' title='bbox 134 3243 262 3312; x_wconf 88' lang='lat' dir='ltr'><strong>ldem</strong></span> <span class='ocrx_word' id='word_1_169' title='bbox 252 3266 288 3310; x_wconf 91' lang='lat' dir='ltr'><strong>m</strong></span> <span class='ocrx_word' id='word_1_170' title='bbox 305 3240 443 3333; x_wconf 90' lang='lat' dir='ltr'><strong>Oedipo</strong></span> <span class='ocrx_word' id='word_1_171' title='bbox 459 3245 561 3333; x_wconf 86' lang='lat' dir='ltr'><strong>Rege</strong></span> <span class='ocrx_word' id='word_1_172' title='bbox 578 3265 609 3310; x_wconf 87' lang='lat' dir='ltr'><strong>v.</strong></span> <span class='ocrx_word' id='word_1_173' title='bbox 629 3242 715 3310; x_wconf 82' lang='grc'><strong>236.</strong></span> 
     </span>
    </p>
   </div>
   <div class='ocr_carea' id='block_1_9' title="bbox 148 3371 1125 3993">
    <p class='ocr_par' dir='ltr' id='par_1_12' title="bbox 237 3371 1125 3883">
     <span class='ocr_line' id='line_1_28' title="bbox 239 3371 1125 3506; baseline -0.013 -52"><span class='ocrx_word' id='word_1_174' title='bbox 239 3373 306 3455; x_wconf 83' lang='grc' dir='ltr'><strong><em>τόν</em></strong></span> <span class='ocrx_word' id='word_1_175' title='bbox 323 3376 428 3506; x_wconf 79' lang='grc' dir='ltr'><strong><em>ἅνδρ</em></strong></span> <span class='ocrx_word' id='word_1_176' title='bbox 444 3375 596 3451; x_wconf 80' lang='grc' dir='ltr'><strong><em>οἷπαοδω</em></strong></span> <span class='ocrx_word' id='word_1_177' title='bbox 609 3376 765 3464; x_wconf 77' lang='grc' dir='ltr'><strong><em>τοῦτον,</em></strong></span> <span class='ocrx_word' id='word_1_178' title='bbox 793 3374 892 3456; x_wconf 83' lang='grc' dir='ltr'><strong><em>ὅστις</em></strong></span> <span class='ocrx_word' id='word_1_179' title='bbox 907 3371 984 3447; x_wconf 82' lang='grc' dir='ltr'><strong><em>ἐστί</em></strong></span> <span class='ocrx_word' id='word_1_180' title='bbox 991 3426 1006 3459; x_wconf 85' lang='grc'><strong><em>,</em></strong></span> <span class='ocrx_word' id='word_1_181' title='bbox 1032 3371 1125 3468; x_wconf 76' lang='grc' dir='ltr'><strong>γῆς</strong></span> 
     </span>
     <span class='ocr_line' id='line_1_29' title="bbox 239 3471 1121 3604; baseline -0.011 -49"><span class='ocrx_word' id='word_1_182' title='bbox 239 3479 339 3571; x_wconf 82' lang='grc' dir='ltr'><strong>τῆςδ</strong></span> <span class='ocrx_word' id='word_1_183' title='bbox 339 3538 353 3573; x_wconf 90' lang='grc'><strong><em>,</em></strong></span> <span class='ocrx_word' id='word_1_184' title='bbox 379 3479 420 3578; x_wconf 81' lang='grc' dir='ltr'><strong>ἧς</strong></span> <span class='ocrx_word' id='word_1_185' title='bbox 432 3476 500 3575; x_wconf 80' lang='grc' dir='ltr'><strong><em>ε’γω</em></strong></span> <span class='ocrx_word' id='word_1_186' title='bbox 516 3475 656 3604; x_wconf 78' lang='grc' dir='ltr'><strong><em>κρότος</em></strong></span> <span class='ocrx_word' id='word_1_187' title='bbox 659 3506 702 3552; x_wconf 90' lang='grc' dir='ltr'><strong><em>τε</em></strong></span> <span class='ocrx_word' id='word_1_188' title='bbox 720 3506 779 3550; x_wconf 86' lang='grc' dir='ltr'><strong>ιαι</strong></span> <span class='ocrx_word' id='word_1_189' title='bbox 772 3471 953 3574; x_wconf 77' lang='grc' dir='ltr'><strong><em>θρόνους</em></strong></span> <span class='ocrx_word' id='word_1_190' title='bbox 970 3477 1121 3567; x_wconf 86' lang='grc' dir='ltr'><strong><em>νέμω,</em></strong></span> 
     </span>
     <span class='ocr_line' id='line_1_30' title="bbox 237 3573 1048 3704; baseline -0.012 -45"><span class='ocrx_word' id='word_1_191' title='bbox 237 3580 314 3680; x_wconf 83' lang='grc' dir='ltr'><strong>μήτ</strong></span> <span class='ocrx_word' id='word_1_192' title='bbox 313 3581 579 3674; x_wconf 72' lang='grc' dir='ltr'><strong><em>εἰσδέχεσθαι,</em></strong></span> <span class='ocrx_word' id='word_1_193' title='bbox 597 3576 928 3707; x_wconf 79' lang='grc' dir='ltr'><strong><em>μήτεπροςφωνεῖν</em></strong></span> <span class='ocrx_word' id='word_1_194' title='bbox 950 3573 1048 3665; x_wconf 82' lang='grc' dir='ltr'><strong><em>τινό,</em></strong></span> 
     </span>
     <span class='ocr_line' id='line_1_31' title="bbox 239 3677 964 3783; baseline -0.007 -23"><span class='ocrx_word' id='word_1_195' title='bbox 239 3683 323 3783; x_wconf 78' lang='grc' dir='ltr'><strong>μήτ</strong></span> <span class='ocrx_word' id='word_1_196' title='bbox 344 3693 382 3760; x_wconf 84' lang='grc' dir='ltr'><strong><em>ἐν</em></strong></span> <span class='ocrx_word' id='word_1_197' title='bbox 396 3682 663 3777; x_wconf 74' lang='grc' dir='ltr'><strong><em>θεωνεῦχαῖσι,</em></strong></span> <span class='ocrx_word' id='word_1_198' title='bbox 690 3678 784 3780; x_wconf 84' lang='grc' dir='ltr'><strong><em>μήτε</em></strong></span> <span class='ocrx_word' id='word_1_199' title='bbox 799 3677 964 3776; x_wconf 80' lang='grc' dir='ltr'><strong><em>θύμασιν</em></strong></span> 
     </span>
     <span class='ocr_line' id='line_1_32' title="bbox 237 3780 1036 3910; baseline -0.011 -48"><span class='ocrx_word' id='word_1_200' title='bbox 237 3816 360 3863; x_wconf 85' lang='grc' dir='ltr'><strong><em>νοινον</em></strong></span> <span class='ocrx_word' id='word_1_201' title='bbox 372 3796 581 3878; x_wconf 78' lang='grc' dir='ltr'><strong><em>ποιεῖσθαι,</em></strong></span> <span class='ocrx_word' id='word_1_202' title='bbox 607 3780 701 3910; x_wconf 83' lang='grc' dir='ltr'><strong><em>μήτε</em></strong></span> <span class='ocrx_word' id='word_1_203' title='bbox 717 3789 884 3880; x_wconf 80' lang='grc' dir='ltr'><strong><em>χέρνιβας</em></strong></span> <span class='ocrx_word' id='word_1_204' title='bbox 898 3787 1036 3877; x_wconf 89' lang='grc' dir='ltr'><strong><em>νέμειν</em></strong></span> 
     </span>
    </p>

    <p class='ocr_par' dir='ltr' id='par_1_13' title="bbox 148 3887 788 3993">
     <span class='ocr_line' id='line_1_33' title="bbox 148 3887 788 3993; baseline -0.011 -26"><span class='ocrx_word' id='word_1_205' title='bbox 148 3914 153 3921; x_wconf 75' lang='grc'><em>’</em></span> <span class='ocrx_word' id='word_1_206' title='bbox 241 3889 404 3993; x_wconf 76' lang='grc' dir='ltr'><strong><em>ω’θεῖνδ</em></strong></span> <span class='ocrx_word' id='word_1_207' title='bbox 427 3887 496 3964; x_wconf 80' lang='grc' dir='ltr'><strong><em>απ’</em></strong></span> <span class='ocrx_word' id='word_1_208' title='bbox 517 3883 788 3967; x_wconf 82' lang='grc' dir='ltr'><strong><em>οἴκωνποίντας.</em></strong></span> 
     </span>
    </p>
   </div>
   <div class='ocr_carea' id='block_1_10' title="bbox 134 4027 710 4120">
    <p class='ocr_par' dir='ltr' id='par_1_14' title="bbox 134 4027 710 4120">
     <span class='ocr_line' id='line_1_34' title="bbox 134 4027 710 4120; baseline -0.016 -19"><span class='ocrx_word' id='word_1_209' title='bbox 134 4032 212 4100; x_wconf 87' lang='lat' dir='ltr'><strong>Alia</strong></span> <span class='ocrx_word' id='word_1_210' title='bbox 233 4031 320 4099; x_wconf 83' lang='lat' dir='ltr'><strong>infra</strong></span> <span class='ocrx_word' id='word_1_211' title='bbox 339 4027 486 4120; x_wconf 86' lang='lat' dir='ltr'><strong>plurima</strong></span> <span class='ocrx_word' id='word_1_212' title='bbox 501 4050 536 4096; x_wconf 92' lang='lat' dir='ltr'><strong>se</strong></span> <span class='ocrx_word' id='word_1_213' title='bbox 558 4027 710 4094; x_wconf 83' lang='lat' dir='ltr'><strong>offerent.</strong></span> 
     </span>
    </p>
   </div>
   <div class='ocr_carea' id='block_1_11' title="bbox 134 4155 1243 4365">
    <p class='ocr_par' dir='ltr' id='par_1_15' title="bbox 134 4155 1243 4365">
     <span class='ocr_line' id='line_1_35' title="bbox 236 4155 1242 4253; baseline -0.016 -15"><span class='ocrx_word' id='word_1_214' title='bbox 236 4168 406 4238; x_wconf 87' lang='lat' dir='ltr'><strong>Invenitur</strong></span> <span class='ocrx_word' id='word_1_215' title='bbox 439 4164 584 4253; x_wconf 91' lang='lat' dir='ltr'><strong>denique</strong></span> <span class='ocrx_word' id='word_1_216' title='bbox 623 4164 723 4231; x_wconf 91' lang='lat' dir='ltr'><strong>etiam</strong></span> <span class='ocrx_word' id='word_1_217' title='bbox 758 4159 851 4229; x_wconf 90' lang='lat' dir='ltr'><strong>aliud</strong></span> <span class='ocrx_word' id='word_1_218' title='bbox 886 4179 993 4248; x_wconf 85' lang='lat' dir='ltr'><strong>genus</strong></span> <span class='ocrx_word' id='word_1_219' title='bbox 1024 4155 1242 4234; x_wconf 80' lang='lat' dir='ltr'><strong>locutionum,</strong></span> 
     </span>
     <span class='ocr_line' id='line_1_36' title="bbox 134 4258 1243 4365; baseline -0.014 -23"><span class='ocrx_word' id='word_1_220' title='bbox 134 4273 230 4364; x_wconf 86' lang='lat' dir='ltr'><strong>quod</strong></span> <span class='ocrx_word' id='word_1_221' title='bbox 252 4272 375 4340; x_wconf 89' lang='lat' dir='ltr'><strong>eodem</strong></span> <span class='ocrx_word' id='word_1_222' title='bbox 397 4271 471 4338; x_wconf 88' lang='lat' dir='ltr'><strong>iure</strong></span> <span class='ocrx_word' id='word_1_223' title='bbox 493 4275 525 4337; x_wconf 92' lang='lat' dir='ltr'><strong>et</strong></span> <span class='ocrx_word' id='word_1_224' title='bbox 551 4267 737 4358; x_wconf 89' lang='lat' dir='ltr'><strong>ellipticum</strong></span> <span class='ocrx_word' id='word_1_225' title='bbox 768 4273 801 4333; x_wconf 91' lang='lat' dir='ltr'><strong>et</strong></span> <span class='ocrx_word' id='word_1_226' title='bbox 831 4282 900 4329; x_wconf 90' lang='lat' dir='ltr'><strong>non</strong></span> <span class='ocrx_word' id='word_1_227' title='bbox 921 4258 1105 4365; x_wconf 72' lang='lat' dir='ltr'><strong>ellipticum</strong></span> <span class='ocrx_word' id='word_1_228' title='bbox 1129 4259 1243 4329; x_wconf 87' lang='lat' dir='ltr'><strong>dicere</strong></span> 
     </span>
    </p>
   </div>
   <div class='ocr_carea' id='block_1_12' title="bbox 0 0 1418 4904">
    <p class='ocr_par' dir='ltr' id='par_1_16' title="bbox 0 0 1418 4904">
     <span class='ocr_line' id='line_1_37' title="bbox 0 0 1418 4904; baseline 0 2"><span class='ocrx_word' id='word_1_229' title='bbox 0 0 1418 4904; x_wconf 95' lang='lat' dir='ltr'><strong> </strong></span> 
     </span>
    </p>
   </div>
  </div>
 </body>
</html>
