2826 4904
205 331 249 396 22
522 326 595 392 DE
661 324 960 392 POE‘SEOS

110 535 113 545 ·
173 539 176 547 v
208 519 285 573 teos
295 497 545 590 repudiaverat,
560 496 704 572 alienum
718 507 752 571 et
764 498 981 592 peregrimum
993 497 1182 591 scriptionis
1203 520 1323 591 genas,

208 601 367 695 dialogos
390 602 579 674 Socraticos
602 601 777 672 addendos
797 602 1009 684 existimavit3
1031 603 1065 670 in
1087 603 1209 691 quibus
1219 603 1325 670 nimi-

129 764 134 777 .
210 727 286 774 rum
303 720 372 773 non
387 728 427 774 ea
439 714 658 792 narrarentur,
671 727 762 794 quae
771 705 847 796 ipse
864 703 1061 796 disputamet
1072 704 1238 791 Socrates,
1250 705 1323 790 sed,

207 807 306 896 qnasi
320 807 380 874 illa
393 806 536 894 dixisset,
555 807 718 876 imitando
732 808 1002 899 exprimerentur.
1032 807 1162 877 Pariter
1171 807 1233 893 illi,
1247 807 1325 896 qui-

208 909 275 978 bus
290 910 402 1000 poesis
414 911 549 980 fictione
564 912 690 981 censeri
703 911 896 996 videbatur,
909 911 1042 979 fabulas
1059 932 1132 996 eas,
1147 932 1236 999 quae
1248 912 1325 977 Ro-

207 1033 383 1080 maneuses
393 1023 564 1100 vocantur,
579 1015 665 1082 iuter
677 1035 819 1105 poeseos
832 1034 958 1105 mera
972 1023 1203 1110 numerarunt:
1221 1035 1327 1102 quem

73 1139 75 1145 ¹
208 1115 416 1204 ‘erroremii,
430 1117 675 1205 'quiinoertam
694 1116 926 1187 oblectationis
947 1116 1119 1184 notionem
1134 1125 1326 1205 sequuntur,
1372 1174 1376 1180 .

211 1215 258 1284 ita
283 1213 390 1310 vulgo
419 1228 711 1312 propagaverunt,
741 1227 799 1304 ut,
837 1212 904 1308 qui‘
926 1219 1022 1286 aliter
1054 1219 1211 1304 sentiant,
1242 1240 1326 1311 per-

211 1320 314 1411 pauci
328 1322 543 1412 reperiantur.
571 1322 707 1406 Quodsi
723 1321 1042 1405 animadvertissent,
1061 1321 1181 1389 eadem
1196 1343 1235 1388 re
1247 1321 1326 1388 istas

206 1423 414 1512 'namabones
435 1447 456 1492 a
471 1424 618 1495 carmine
633 1425 732 1516 epico
755 1424 895 1509 distare,
920 1447 988 1513 qua
1006 1433 1156 1492 oratores
1172 1424 1326 1492 etiamid

211 1524 363 1594 eiusdem
374 1527 567 1618 *argumenti
583 1528 804 1619 explicatione
820 1550 840 1595 a
856 1528 965 1618 poetis
983 1526 1160 1611 differunt,
1184 1526 1327 1594 oratoris

212 1637 318 1696 artem
334 1629 400 1697 illis
418 1630 652 1721 scriptoribus,
676 1652 745 1698 uon
767 1638 912 1721 poetae,
939 1628 1178 1699 addiscendam
1194 1630 1328 1697 datuu-

206 1739 293 1798 sent
335 1731 448 1801 >Haud
462 1734 580 1801 melius
595 1756 616 1800 a
629 1733 799 1824 plerisque
812 1732 856 1800 de
871 1732 1005 1801 fabellis
1018 1731 1194 1823 Aesopicis
1209 1731 1328 1822 dispu-

207 1840 318 1900 tatum
332 1843 398 1920 est,
414 1857 496 1924 quas
508 1857 577 1903 non
595 1837 641 1903 ob
659 1835 860 1905 tractationis
873 1835 1055 1919 rationem,
1078 1857 1145 1924 qua
1156 1855 1224 1901 msa
1234 1856 1329 1926 poe-

77 1941 79 1945 ’
211 1943 302 2002 taea
315 1938 453 2004 caeteris
472 1938 687 2028 scriptoribus
705 1937 969 2028 distinguuntur,
996 1937 1057 2004 sed
1078 1937 1251 2006 ubsolam
1271 1936 1328 2003 fa-

211 2036 313 2106 bulae
323 2039 495 2108 fictionem
510 2040 555 2108 ad
578 2040 698 2131 poesin
721 2041 920 2125 retulerunt,
942 2048 984 2108 ut
1001 2039 1129 2130 primus
1151 2039 1329 2106 Romano-

210 2162 286 2208 rum
297 2150 476 2232 poetarum
489 2151 575 2210 esset
588 2141 765 2212 Menenius
774 2142 944 2234 Agrippa.
996 2141 1096 2226 Quae
1108 2142 1212 2210 falsae
1226 2149 1329 2231 atque

136 2244 138 2248 ’
210 2246 359 2314 incertae
372 2264 521 2336 poeseos
541 2245 694 2314 notiones
715 2246 777 2314 etsi
799 2247 1021 2337 plurimorum
1040 2244 1329 2334 maximorumque

206 2348 512 2417 caumaevitiorum
524 2348 951 2434 ·fuenmt,-nescio·tameu
971 2371 1015 2416 an
1037 2348 1146 2416 multo
1163 2348 1270 2414 maior
1281 2369 1330 2415 ‘ex

213 2471 255 2519 eo
268 2450 426 2519 exstiterit
439 2471 590 2520 errorum
604 2450 803 2538 multitado,
814 2451 908 2543 quod
921 2450 1088 2542 plerique,
1100 2450 1198 2518 unice
1213 2471 1330 2516 exem-

78 2593 80 2596 ·
208 2552 271 2644 pla
291 2563 470 2644 poetarum
493 2553 640 2644 amplexi
658 2556 693 2621 in
712 2556 820 2642 iisque
844 2553 965 2636 defixi,
992 2554 1048 2619 vel
1066 2575 1179 2619 rerum
1200 2551 1331 2621 descri-

205 2663 346 2746 ·ptarum
367 2655 648 2741 dissimilitudine,
681 2657 739 2722 vel
755 2653 961 2723 tractationis
979 2652 1168 2720 diversitate
1186 2653 1233 2720 ita
1250 2654 1331 2745 oapi

208 2755 384 2845 tenerique
396 2756 533 2847 sepassi
551 2765 641 2842 sunt,
666 2765 778 2842 ntea,
804 2777 892 2845 quae
906 2755 1094 2846 separanda
1113 2763 1239 2841 essent,
1263 2757 1330 2825 mi-

208 2868 357 2939 scerent3
383 2880 471 2948 quae
491 2858 745 2951 coniungenda,
772 2859 1008 2966 disiungerent
1055 2858 1146 2927 Nam
1160 2859 1196 2927 iu
1212 2881 1331 2927 mem-

205 2961 276 3054 plis
303 2961 443 3080 quidem
468 2983 579 3050 neque
601 2985 643 3031 ea
673 2963 787 3030 omnia
807 2961 1035 3054 reperiuntur,
1070 2984 1159 3050 quae
1178 2986 1199 3030 a
1217 2962 1331 3052 poetis

210 3063 358 3160 carmine
372 3063 487 3132 disseri
497 3073 655 3156 possunt,
673 3074 706 3134 et
715 3088 781 3151 ea,
801 3087 889 3154 quae
903 3063 983 3132 inde
997 3071 1166 3184 petumur,
1182 3064 1330 3156 diligen-

209 3175 264 3235 ter
286 3176 363 3235 sunt
388 3168 627 3260 cognoscenda
650 3177 750 3258 atque
773 3166 1045 3252 examinanda,
1035 3189 1072 3235 ιιι
1091 3168 1215 3255 iisque,
1240 3190 1329 3256 quae

210 3271 338 3354 aliena,
363 3284 452 3359 quae
466 3270 655 3358 mutabilia,
681 3295 780 3362 quae
774 3271 931 3339 fortuita
927 3280 1025 3356 sunt,
1051 3268 1271 3339 discernenda
1287 3293 1329 3340 ao

207 3373 428 3463 seiungenda,
436 3373 583 3460 utillud,
596 3375 690 3464 quod
700 3374 909 3444 differentiae
917 3396 1066 3445 caumam
1078 3374 1122 3440 in
1128 3373 1327 3457 secontiam,

207 3496 335 3566 purum
355 3476 652 3567 incorruptumque
667 3478 882 3566 relinquatur.
932 3475 1029 3546 Nihil
1050 3476 1138 3544 euim
1156 3474 1328 3543 difficilius

207 3579 326 3663 abiis,
352 3578 411 3667 qui
431 3579 663 3671 exemplorum
684 3580 936 3671 comparatione
956 3577 1084 3667 aliquid
1105 3576 1197 3646 effici
1216 3577 1327 3645 existi-

210 3691 320 3765 mant,
347 3680 464 3749 evitari
475 3691 608 3774 potest,
634 3704 736 3773 quarn
755 3705 799 3750 ue
814 3683 919 3767 iniis,
944 3702 1034 3770 quae
1051 3679 1137 3750 veris
1151 3679 1328 3748 diversita-

210 3785 299 3854 tibus
313 3793 372 3854 aut
387 3785 571 3856 necessario
580 3794 645 3853 aut
656 3786 859 3877 plerumque
870 3783 1077 3870 adhaerent,
1098 3781 1158 3851 sel
1173 3804 1260 3872 quae
1274 3783 1329 3850 le-

211 3886 303 3956 vium
325 3896 384 3957 aut
399 3887 505 3983 plane
518 3888 687 3956 inutilium
705 3888 932 3958 discriminum
950 3893 1050 3953 notae
1072 3894 1166 3971 suut,
1191 3882 1329 3954 divisio.-

210 4011 292 4068 num
309 3991 452 4060 rationes
463 3999 604 4081 ponant.
644 3992 733 4060 Nam
749 3991 829 4076 illa,
852 3990 972 4080 quibus
984 4012 1065 4059 vere
1079 3988 1171 4057 aliud
1184 4010 1329 4079 poema-

211 4092 252 4160 tis
266 4116 373 4185 genus
385 4094 432 4162 ab
445 4094 512 4161 alio
529 4094 715 4184 discrepat,
744 4114 820 4162 raro
833 4116 900 4185 per
911 4101 1096 4185 ›se·patent,
1122 4099 1157 4160 et
1170 4089 1206 4158 iu
1217 4092 1328 4159 omni-

211 4216 270 4263 um
281 4197 378 4285 ‘quasi
386 4206 571 4288 conspectu
583 4197 693 4287 posita
705 4202 793 4282 snut,
808 4196 869 4265 sed
881 4197 1086 4288 plerumque
1098 4214 1227 4280 eorum,
1241 4215 1329 4282 quae

210 4299 321 4368 statim
333 4300 369 4368 in
383 4300 501 4369 oeulos
514 4299 683 4388 incidunt,
700 4320 831 4370 caumas
843 4301 1030 4384 confluent,
1054 4297 1231 4388 multoque
1246 4318 1323 4387 per·-
