2826 4904
137 256 203 343 'ero
364 272 423 337 on
447 270 634 334 onmem
659 270 717 334 ιι
737 267 1021 333 nnuonrsno

139 443 360 528 Schaelerns,
385 443 570 530 maluisset,
595 444 735 534 opinor,
767 464 804 535 p.
829 440 917 511 784.
950 440 1081 525 dicere,
1114 439 1152 508 iu
1175 437 1249 529 qui·

138 547 283 617 busdam
306 547 532 617 locutionibus
562 567 638 616 raro
658 545 796 614 inveniri
816 543 918 635 nicae,
951 543 987 612 in
1005 545 1076 612 uliis
1099 544 1251 634 plemm-

141 675 208 741 que
228 649 327 735 addi,
354 673 457 739 qnam
474 650 616 740 reperiri
639 651 699 717 ubi
717 671 786 717 non
808 647 999 730 desideres,
1022 645 1251 736 (desideratur

140 753 230 823 enim
248 754 427 844 nusquam)
447 752 614 820 interdum
629 760 753 820 'autem
779 752 897 843 paullo
915 750 1029 818 dorius
1049 749 1176 819 deesse
1212 749 1251 817 ln

141 879 244 946 quam
268 879 342 924 rem
367 854 462 945 qnod
487 855 657 925 Herodoti
680 855 814 923 locol.
840 853 900 921 la.
926 853 1051 937 utitur,
1070 852 1173 920 valde
1190 851 1251 921 mi-

139 982 208 1028 ror.
258 958 362 1026 Ibi
337 981 385 1027 ere
409 958 572 1049 scriptum
597 967 662 1026 estt
696 959 936 1054 συνέβησαν’
918 983 952 1036 ες
984 948 1107 1028 volivo*
1143 961 1185 1028 οἵ
1211 958 1254 1027 τι
1311 1032 1314 1037 ,

140 1089 209 1135 σου
196 1054 290 1134 Γ
268 1088 357 1154 oyem
380 1061 579 1133 στασιῶται
603 1059 662 1132 ναί
685 1066 721 1133 οἱ
741 1057 863 1132 λοιποί
882 1055 1071 1142 Amici,
1047 1084 1093 1153 ην
1115 1058 1186 1151 μὲν
1210 1050 1251 1153 oq*

140 1157 188 1237 νδ
207 1157 423 1285 χρηστήριον
443 1159 548 1260 οἷνέλη
572 1190 638 1255 μιν
659 1156 870 1255 βασιλέα
835 1188 930 1234 ειναι
957 1160 1113 1247 Λυδῶν,
1148 1152 1252 1232 τόνδε

140 1259 364 1358 βασιλεύειν
395 1263 439 1352 ἧν
462 1265 500 1338 δὲ
520 1292 571 1362 μη
579 1319 594 1355 ,
627 1260 880 1337 οἱποδοῦναι
858 1261 972 1336 οιιίσα
999 1266 1033 1343 ἐς
1054 1258 1253 1357 Ηραιιλιί-

142 1370 205 1448 δας
224 1360 292 1462 τήν
316 1360 441 1462 α’ρχήν
491 1369 581 1434 Nam
601 1366 662 1437 hic
687 1388 729 1435 eo
755 1366 862 1434 minus
885 1366 1007 1433 mirum
1033 1372 1103 1449 est,
1128 1363 1254 1432 nudum

140 1469 288 1597 positum
311 1492 382 1536 esse
407 1469 615 1556 infinitivum,
640 1468 734 1559 quod
762 1471 959 1566 συνέβησαν
979 1467 1073 1536 idem
1089 1477 1141 1535 est
1157 1477 1254 1558 atque

142 1574 302 1664 ἔγνωσαν
310 1625 324 1660 ,
350 1571 591 1640 decreverunt.
642 1571 714 1641 Sed
734 1580 772 1639 ut
792 1593 859 1638 uuo
879 1570 973 1659 quasi
993 1571 1062 1640 ictu
1087 1569 1184 1638 istam
1207 1572 1271 1639 el·-

142 1674 245 1765 lipsin
269 1674 456 1783 particulae
481 1671 568 1754 ιδςιο
594 1684 756 1758 evertam,
788 1674 870 1762 quid
887 1672 1079 1758 habebunt,
1104 1673 1164 1763 qui
1182 1695 1253 1741 eam

141 1785 296 1860 tuentur,
331 1774 401 1865 quo
431 1778 601 1897 explicent
624 1776 708 1846 tales
732 1777 846 1862 locos,
879 1777 986 1866 qualis
1016 1776 1076 1845 hie
1105 1785 1157 1844 est
1181 1777 1253 1846 Ste-

140 1878 249 1970 phani
273 1877 485 1967 Byzantini'
476 1902 511 1947 m
534 1901 567 1948 v.
570 1879 822 2002 Τριμιθοῦς
849 1873 1044 2000 pacto*
1021 1906 1103 1967 οτι,
1130 1871 1253 1973 ίιιιβιί·

143 2006 203 2077 σης
224 1975 502 2101 Αφροδίτης’
467 2008 515 2063 uc
534 1976 601 2054 σδν
624 1976 762 2070 τόσον,
799 1975 862 2054 διδ
882 2007 949 2076 την
971 1979 1177 2102 παρουσίαν
1193 1981 1254 2076 τῆς

143 2079 367 2174 δαίμονος
344 2077 417 2155 υπδ
441 2077 583 2180 τρόμου
615 2083 920 2178 διασαλιυθῆναι
955 2076 1015 2157 διδ
1035 2111 1097 2156 ιιαι
1087 2082 1252 2180 Toupa-

13 2205 18 2215 ·
143 2184 287 2258 θοῦνια
301 2185 487 2283 κληθῆναι
537 2188 593 2256 An
619 2187 719 2258 etiam
739 2186 774 2253 in
794 2184 865 2256 hoc
888 2208 1001 2272 versu,

278 2320 391 2417 φαντί
407 2348 464 2397 νιν
478 2318 664 2422 Ἡρακλῆϊ
683 2322 770 2418 βίαν
793 2321 854 2395 ναί
873 2317 1005 2418 καίριος
1021 2319 1182 2419 ίρίσδσν,

145 2455 207 2531 ὅτι
231 2456 487 2551 intelligendum
512 2460 703 2551 putabunt?
747 2461 873 2528 Parum
900 2457 1015 2526 differt
1044 2481 1064 2526 a
1093 2457 1254 2552 Stephani

143 2563 223 2630 loco
244 2560 317 2631 hoc
341 2561 558 2652 Sophoclis
548 2586 583 2630 ιιι
605 2563 698 2631 initio
718 2563 930 2654 Antigonae.

273 2693 321 2794 οἶρ
328 2693 461 2770 οἶσθ’
485 2696 546 2771 ὅτι
568 2692 660 2780 Ζευς
681 2697 754 2772 τῶν
775 2695 827 2771 oin
833 2693 1019 2771 Οἰδίπου
1042 2722 1159 2773 κανων

163 2878 165 2884 ,
226 2796 403 2872 ὁποῖον
423 2794 504 2891 οὐχί
531 2802 602 2896 νῷν
622 2803 678 2875 ἔτι
705 2795 835 2887 ζοίσαιν
856 2803 975 2873 τελεῖ·
961 2855 973 2892 ,

79 2934 329 3005 196οιισλαιιιιιι
369 2935 495 3005 Graeci
527 2937 676 3005 similiter
710 2937 810 3004 etiam
846 2937 927 3005 alias
964 2935 1145 3029 particulas
1178 2959 1256 3006 eon-

147 3046 291 3124 struuut,
316 3047 354 3105 ut
375 3038 452 3111 ἐπεὶ
476 3048 509 3108 et
534 3033 644 3137 πλήνι
670 3038 862 3131 Sophocles
885 3040 920 3108 in
941 3040 1079 3111 Electra
1096 3062 1129 3108 v.
1149 3036 1232 3108 352.

275 3174 353 3249 ἐπεὶ
379 3171 534 3257 δίδαξον.

146 3312 193 3382 Et
217 3312 252 3379 in
275 3309 404 3382 Trach
433 3309 495 3380 41.

804 3409 935 3510 πλήν’
918 3412 999 3510 spui
1017 3407 1145 3512 πικραῖς

273 3510 400 3595 ον’δῖνας
425 3511 543 3590 αὐτοῦ
568 3510 827 3614 προιβαλοίν’
803 3516 1006 3609 αιιυίχεται.

146 3651 206 3721 Sic
226 3651 275 3720 ibi
299 3651 522 3721 scribendum.

225 3823 321 3892 *seo
347 3824 477 3894 dictum
501 3834 551 3893 est
575 3825 651 3894 satis
673 3826 717 3894 de
738 3826 859 3919 ellipsi.
911 3828 1031 3915 Neque
1049 3826 1148 3911 enim,
1175 3846 1262 3914 quae

147 3927 181 3993 in
205 3926 300 3994 Bosii
322 3927 411 3995 libro
436 3927 481 3996 de
502 3928 614 4018 ellipsi
642 3929 792 4019 plurium
816 3930 998 3998 verborum
1023 3929 1156 3999 adiecta
1178 3937 1262 4013 sunt,

149 4029 266 4120 attingi
297 4030 437 4099 anobis
468 4034 644 4120 quisquam
675 4033 803 4122 cupiet,
834 4055 979 4122 quorum
1007 4033 1153 4100 maxima
1183 4055 1262 4123 pars

147 4133 323 4200 manifesto
353 4133 397 4201 ad
425 4135 637 4225 aposiopesin
663 4135 846 4225 pertineat,
887 4136 1017 4225 reliqua
1045 4145 1158 4205 autem
1194 4144 1264 4202 tam

72 4306 75 4311 ,
148 4234 211 4302 siut
233 4234 365 4327 inepta,
390 4246 428 4305 ut
452 4239 595 4323 nemini,
629 4239 687 4328 qui
712 4262 790 4307 sana
812 4241 940 4308 ratione
965 4248 1095 4325 utatur,
1126 4240 1265 4331 placere
