2826 4904
154 313 218 377 ιον
380 254 1037 374 nuuun1ns1uuanu0nnsno

152 502 256 656 31(an
259 481 385 654 ἔξειπε
397 479 666 575 pantana
680 479 884 553 sonneras
902 503 939 575 p.
955 479 1043 551 τον.
1094 480 1262 556 suetiam

258 681 463 784 Πατρόκλῳ
487 682 524 761 δ’
541 682 606 786 ἄρ’
618 684 705 778 ἄχος
727 686 851 782 ηένετο
869 688 1054 786 φθιμένου
1070 684 1233 790 έτοίροιο.
1313 710 1316 717 ·

153 804 265 880 XVII.
291 802 377 874 538.

257 939 282 1039 ἦ
298 937 343 1042 θη
359 937 435 1036 μοῖν
449 939 571 1038 ὀλίγον
584 971 624 1037 με
640 935 896 1019 Μενοιτιάδαο
911 936 1095 1026 θανόντος

255 1045 322 1143 νῆρ
345 1044 451 1138 ἄχεος
471 1046 645 1147 μεθέηκα.

51 1194 87 1279 ‘.
152 1182 227 1254 ius
254 1181 341 1251 aaa.

7 1320 13 1331 '
257 1313 413 1392 οίπόποι
420 1373 434 1408 ,
460 1313 486 1414 ἦ
499 1347 567 1415 μοι
582 1317 669 1411 ἄχος
683 1311 930 1415 μεγαλήτορος
948 1316 1114 1391 Αἰνείαο.

152 1454 277 1549 Odyss.
303 1454 363 1526 IV.
391 1453 477 1524 108

302 1658 310 1686 t
588 1555 671 1652 ε’μοί
694 1553 731 1632 δ’
749 1554 834 1649 ἄχος
853 1555 930 1630 αἰέν
944 1553 1106 1630 ἄλαστον

254 1685 384 1735 νεινον.

90 1782 209 1867 mlh.
235 1781 345 1853 XVII.
370 1777 457 1848 489.

260 1916 468 2013 Τηλέμαχος
481 1911 511 1988 ὅ
527 1918 566 1989 έν
582 1914 651 2009 μὲν
665 1913 792 2014 κραδίη
808 1915 902 2010 μέγα
916 1913 1052 1996 πένθος
1066 1913 1168 1999 ἄεξεν

256 2018 448 2115 βλημένου.

153 2155 280 2229 XVIII.
306 2153 398 2229 323.¹

259 2286 341 2367 ἀλλ’
354 2285 429 2365 οὐθ’
443 2288 488 2372 (ὃς
504 2289 561 2380 ἔχε
578 2289 712 2372 πένθος
735 2288 790 2363 ε’νί
812 2287 918 2387 φρεσί
946 2289 1194 2390 Πηνελοπείης.

152 2433 186 2502 Α
204 2454 272 2522 qua
289 2424 402 2497 tannen
417 2434 547 2497 ratione
565 2428 734 2498 diversum
749 2436 818 2514 est,
839 2426 934 2520 quod
949 2426 1047 2498 Iliad.
1070 2429 1165 2499 XIII.
1183 2426 1264 2500 417.

152 2535 244 2604 XIV.
269 2528 357 2602 458.
387 2529 475 2601 486.
497 2532 641 2623 legitur,
769 2592 775 2607 ,

413 2663 615 2765 Ἀργείοισι
633 2662 670 2741 δ’
690 2665 776 2759 οίχος
797 2663 915 2762 μένετ’
940 2663 1168 2764 εὐξαμένοιο,

151 2804 323 2895 inquibus
343 2804 428 2874 locis
448 2805 614 2896 genitivus
634 2806 796 2896 temporis
812 2805 928 2893 habet,
953 2830 1032 2892 non,
1057 2816 1095 2875 ut
1113 2809 1148 2875 in
1170 2831 1266 2901 supe·

153 2910 298 2977 rioribus
314 2907 488 2997 exemplis,
514 2928 649 2976 caussae
663 2911 880 2977 notationem.
931 2911 1014 2978 Aliis
1028 2913 1063 2979 in
1077 2911 1164 2984 locis
1180 2922 1267 2982 uter·

11 3080 17 3113 ι
154 3035 223 3104 que
235 3011 357 3105 mutius
375 3010 506 3079 admitti
519 3000 647 3103 potest,
672 3019 710 3078 ut
735 3012 833 3085 Iliad.
852 3012 911 3079 XI.
930 3011 1016 3081 249.
1172 3004 1178 3024 ’

590 3143 769 3245 κρατερόν
786 3143 834 3247 ῥοί
855 3155 873 3222 ἑ
889 3150 1024 3230 πένθος

257 3243 475 3351 όφθαλμοιίς
490 3244 646 3350 έιοίλνψε
661 3246 894 3350 κασιγνήτοιο
920 3247 1105 3335 πεσόντος.
1128 3306 1131 3310 -

152 3386 280 3461 XVIII.
307 3387 369 3458 88.

257 3523 324 3599 νῦν
341 3521 390 3612 δ’,
418 3531 477 3598 ἵνα
492 3525 625 3601 ναίοοί
642 3526 776 3610 πένθος
790 3526 843 3602 ἐνί
863 3526 968 3627 φρεσί
984 3521 1119 3625 μηρίον
1142 3527 1198 3624 εἴη

258 3621 388 3710 παιθός
404 3622 692 3722 α’ποφθιμένοιο.

125 3770 127 3775 ’
154 3767 264 3860 Igitur
277 3775 315 3834 ut
337 3765 382 3834 ad
394 3765 604 3856 propositam
621 3766 852 3855 quaestionem
864 3768 1139 3858 respondeamus
1165 3765 1213 3834 sie
1227 3771 1274 3832 est

155 3869 348 3940 tenendum.
410 3868 526 3952 Quum
548 3868 673 3938 Graeci
695 3871 842 3960 quadam
863 3871 1125 3941 commutatione
1149 3870 1274 3937 verbo-

160 3996 236 4042 sum
250 3995 316 4064 pro
333 3965 477 4068 μνήμην
492 3971 586 4060 ἔχειν
600 3969 699 4056 τινός
714 3975 864 4044 dicerent
875 3969 1149 4068 μιμνήσκεοθαί
1162 3996 1273 4061 τινος,

157 4085 191 4145 et
204 4100 292 4166 quae
308 4074 383 4143 sunt
398 4074 535 4160 similia,
561 4075 669 4143 multo
684 4099 745 4146 usu
760 4077 829 4145 hae
848 4077 1013 4166 loquendi
1027 4076 1158 4144 formae
1172 4077 1222 4143 ita
1239 4097 1276 4142 se

155 4181 191 4248 in
213 4200 332 4247 eorum
351 4200 540 4247 sermonem
561 4179 781 4266 insinuarunt,
811 4189 849 4250 ut
871 4181 960 4266 iam,
997 4180 1091 4269 quod
1121 4179 1277 4249 accidere

56 4320 59 4328 ·
156 4281 243 4351 solet
263 4281 321 4369 iis,
347 4283 407 4372 qui
427 4282 560 4376 linguas
587 4304 648 4352 usu
667 4283 817 4371 discunt,
849 4304 950 4354 nemo
974 4283 1158 4376 cogitaret,
1184 4281 1277 4351 unde
