2826 4904
269 309 451 374 ιιοειε
479 311 534 373 ει
564 309 796 408 coemere
825 309 1098 374 οιιιιοιιιε.
1189 286 1250 378 121‘

135 485 290 576 quando,
314 486 451 554 sirecte
466 506 633 577 auguror,
658 494 811 576 tempus,
836 506 941 573 quum
956 485 1078 553 certior
1099 509 1252 556 mensura

135 590 315 682 negligere
329 597 521 672 accentum,
549 600 583 655 et
602 590 772 678 poeticam
795 586 977 675 quamdam
1000 590 1252 677 pronunciatio·

136 715 217 761 nem
239 691 439 762 constituere
461 689 611 759 docebit.
662 691 758 758 lnitia
782 699 872 760 certe
893 688 993 758 huius
1012 692 1062 760 rei
1083 691 1252 782 quaedam

137 794 253 864 videre
268 795 336 863 iam
350 817 438 866 nune
455 795 550 879 licet,
575 803 614 862 ιιι
634 793 728 884 apud
743 793 1022 881 Klopstockium,

241 932 357 1000 weisst
377 931 429 998 du
444 929 555 1015 auch,
577 929 713 1015 Gler'm,
735 929 842 1014 uocb,
860 929 936 1015 wie,
952 952 973 998 o
988 931 1282 1024 uadosotigster‘t

241 1057 309 1103 voc
332 1034 428 1103 clleo
451 1031 636 1126 seigam.-

136 1124 233 1342 qucg
257 1150 389 1262 ineptus
412 1171 519 1257 foret,
553 1171 612 1261 qui
634 1171 680 1239 ob
711 1170 907 1262 neglectum
935 1179 1110 1240 accentum
1134 1194 1250 1264 repre-

166 1292 209 1342 en
234 1282 314 1343 cret

245 1411 364 1481 Tertra
374 1433 496 1501 prosae
517 1421 551 1481 et
569 1412 725 1504 poeticae
739 1410 935 1483 elocutionis
948 1410 1137 1481 differentia
1158 1414 1252 1505 posi-

141 1522 179 1582 ta
195 1523 243 1582 est
261 1516 296 1582 in
313 1515 466 1583 numeris.
517 1517 631 1605 Atque
645 1514 715 1585 hoc
728 1515 866 1604 quidem
877 1516 911 1583 in
925 1526 1088 1607 promptu
1101 1525 1166 1600 cst,
1189 1540 1252 1585 ne-

141 1640 211 1705 que
228 1617 358 1711 indiget
372 1618 678 1709 demonstratione,
704 1630 850 1687 metrum
864 1640 1008 1707 poeseos
1021 1641 1108 1702 esse,
1133 1641 1248 1686 nume-

136 1743 223 1813 rum
236 1733 345 1790 metro
373 1722 520 1790 solutum
541 1745 664 1813 prosae
684 1721 851 1790 orationis.
903 1720 975 1788 Sed
998 1721 1081 1810 quid
1101 1721 1158 1807 sit,
1184 1741 1253 1812 quo

140 1832 286 1892 metrum
308 1825 352 1892 ab
375 1825 525 1892 oratoriis
548 1825 692 1894 numeris
716 1822 870 1908 differat,
902 1823 1052 1891 nondum
1078 1825 1255 1916 quisquam

142 1947 185 1993 ex
202 1935 255 1994 tot
274 1935 410 2015 tamque
428 1927 613 2019 praeclaris
636 1926 828 1996 rhetoricae
850 1926 928 1994 artis
954 1928 1149 1997 doctoribus
1177 1929 1254 1996 satis

140 2028 275 2098 videtur
289 2031 492 2122 explanasse.
544 2033 632 2100 Nam
650 2054 738 2121 quae
757 2055 777 2099 e
800 2029 939 2100 Graecis
951 2031 1157 2116 Aristoteles
1182 2031 1255 2100 Dc-

140 2133 295 2217 metriuS,
319 2134 495 2223 Dionysius
509 2134 823 2218 Halicamassensis,
847 2133 1033 2224 Longinus,
1056 2134 1190 2221 allique,
1215 2155 1257 2201 ex

138 2233 305 2327 Romanis
327 2244 438 2302 autern
455 2236 604 2324 inprimis
621 2235 743 2304 Cicero
761 2245 796 2301 et
812 2233 1054 2317 Quinctilianus
1069 2234 1113 2302 de
1129 2233 1197 2305 hac
1219 2259 1257 2304 re

139 2335 371 2425 disputarunt,
396 2337 435 2402 iis
454 2357 575 2403 vereor
600 2359 644 2404 nc
665 2335 935 2427 perturbaverint
956 2337 1065 2428 magis
1086 2337 1180 2409 hunc
1201 2337 1257 2406 lo-

140 2459 240 2523 cum,
270 2461 374 2526 quam
396 2439 637 2528 expediverint
695 2439 905 2528 Depromam
932 2439 1100 2527 quaedam
1123 2463 1164 2509 ex
1190 2438 1255 2510 bis.

142 2542 259 2663 Atque
289 2541 484 2610 Aristoteles
513 2542 559 2609 ita
580 2543 625 2610 de
645 2563 787 2610 numero
809 2542 956 2609 oratorio
981 2542 1110 2612 scribit.
1143 2571 1187 2617 το
1217 2545 1256 2618 δὲ

145 2643 266 2740 σχῆμα
289 2643 352 2742 τῆς
377 2645 497 2726 λέξεως
516 2647 574 2719 δεῖ
590 2631 685 2741 μήτε
709 2645 893 2811 ἔμμετρον
917 2641 1031 2734 εἶναι,
1063 2639 1159 2766 μήτε
1183 2644 1255 2744 ἄρ’·

144 2944 254 3024 ιιοῖλιν
271 2948 362 3048 ἥξει·
414 2979 459 3024 το
451 2945 513 3026 δὲ
527 2850 729 3073 ἄρῤαθμδν
744 2949 960 3074 ἀπέραντον
1012 2955 1069 3026 δεῖ
1086 2953 1124 3027 δὲ
1140 2980 1255 3028 πεπε-

146 3047 285 3148 educat
300 3054 389 3147 μέν,
414 3048 467 3151 μή
481 3057 603 3161 μέτρῳ
625 3058 681 3130 δι’
704 3051 807 3154 οῖηδὲς
826 3049 896 3149 νοῖρ
917 3053 978 3127 ναὶ
1001 3053 1185 3149 ἄγνωστον
1209 3050 1256 3129 τδ

146 3152 310 3251 ἄπειρον
361 3156 574 3253 περαίνεται
598 3158 636 3230 δὲ
634 3155 805 3280 ἀριθμῷ
826 3151 965 3230 πάντα
993 3155 1067 3230 ὁδδ
1089 3157 1159 3230 τοιῖ
1163 3151 1257 3285 oxq'·

145 3282 262 3349 ματος
275 3259 338 3356 τῆς
357 3261 478 3341 λέξεως
498 3252 659 3376 ἀριθμεῖς
679 3253 857 3356 ῥυθμός
839 3284 962 3339 εστιν,
989 3254 1035 3330 οὗ
1048 3258 1109 3329 ναὶ
1124 3253 1174 3330 τοῖ
1184 3259 1256 3352 με’-

146 3383 218 3456 τρα
240 3388 375 3482 τμητα
428 3355 487 3434 διδ
484 3353 655 3482 pseudo
680 3361 774 3433 δεῖ
753 3386 847 3449 εχειν
868 3385 937 3431 τον
957 3352 1087 3452 λόγον,
1119 3362 1256 3458 μέτρον

147 3462 188 3535 δὲ
203 3488 273 3558 μη
293 3457 516 3584 ποῖημαναρ
533 3463 656 3536 ἔσται
678 3455 830 3588 ῥνδμδν
852 3461 890 3534 δε
905 3487 956 3557 μη
949 3454 1145 3561 ἀκριβεῖς·
1172 3464 1255 3537 rori-

146 3565 282 3637 τοδδ
261 3591 381 3655 εσται,
409 3560 473 3640 εὀῖν
488 3566 597 3661 μέχρι
619 3558 742 3660 codri.
793 3565 960 3656 Apertum
979 3575 1044 3652 est,
1070 3568 1135 3635 alia
1153 3566 1257 3633 inhis

144 3666 252 3752 falsa,
284 3670 352 3736 alia
372 3670 533 3762 ambigua
552 3692 631 3738 esse
683 3670 737 3738 Ac
760 3668 880 3738 falsum
903 3677 969 3754 est,
994 3669 1096 3788 quod·
1111 3678 1257 3736 metrum

145 3769 229 3839 dicit
240 3714 343 3840 illum
365 3797 435 3842 esse
445 3784 640 3857 numerum,
665 3794 724 3861 qm
736 3781 896 3845 recurrat,
947 3772 1027 3841 Hoc
1045 3772 1133 3839 enim
1148 3780 1186 3837 ut
1198 3770 1258 3838 liat

143 3873 181 3941 in
202 3876 352 3944 versibus
367 3875 528 3960 heroicis,
553 3877 588 3942 in
607 3875 807 3965 anapaestis,
832 3877 867 3943 in
886 3875 1025 3958 iambis,
1049 3873 1083 3939 in
1101 3872 1257 3941 carmini'

145 3977 210 4044 bus
225 3979 488 4071 aptistropbiciS,
514 3986 548 4045 at
569 4000 648 4045 num
659 3978 760 4045 etiam
774 3977 858 4045 iniis
875 3977 1006 4061 metriS,
1032 3999 1120 4063 quae
1131 3997 1256 4045 vocan-

146 4089 200 4147 tur
214 4074 490 4174 duolalvus'ru?
515 4080 555 4146 ln
576 4081 820 4169 quibusquam
841 4103 954 4149 versus
976 4100 1090 4146 omnes
1112 4077 1199 4147 inter
1221 4103 1257 4149 se

145 4184 211 4251 sint
223 4184 450 4268 dissimillimi,
477 4183 634 4271 omnique
650 4184 847 4274 repetitione
860 4197 1075 4251 numerorum
1099 4181 1257 4270 destituti,

146 4289 311 4357 oratorios
334 4289 520 4358 existimare
543 4285 607 4355 hos
636 4308 810 4372 numeros,
845 4300 894 4356 cx·
918 4284 1101 4355 Aristotelis
1120 4287 1257 4376 quidem
