2826 4904
218 325 282 388 ιιι
429 293 488 383 nr
517 318 721 384 cnnrrco
748 320 798 383 ιιι
822 319 1125 386 ιιοιιιιιοιιιιι
1229 290 1235 297 ’

218 493 362 587 colligas
385 492 525 564 fortasse
548 517 589 563 ex
609 494 662 563 his
684 491 834 562 Suetonii
859 493 970 562 verbis
993 492 1029 562 in
1043 493 1182 564 Nerone
1208 512 1241 564 c.
1270 491 1337 562 21.

217 597 431 690 tragoedias
459 621 593 690 quaqua
614 596 772 667 cantavit
790 605 1014 688 personatus.
1065 593 1166 664 Irrtcr
1184 602 1339 669 caetera

217 700 374 771 cantauit
400 699 569 770 Canacen
598 701 873 794 parturientem,
911 697 1133 792 Oedipodem
1156 720 1358 793 monaca-y

216 811 308 888 tum,
334 802 526 873 Herculem
550 805 719 872 ineurmm.
771 801 816 870 In
839 823 911 894 qua
924 798 1063 895 sabula
1076 800 1190 895 suono
1212 808 1264 871 est
1287 803 1337 872 ti·

215 906 401 975 mnndum
416 907 581 991 mititem,
600 908 757 998 positum
779 904 832 974 nd
848 905 1045 973 melodium
1063 904 1201 990 aditus,
1226 926 1337 996 quum

217 1030 298 1078 eum
317 1007 440 1077 mauri
459 1031 505 1078 uc
526 1009 651 1078 uinciri
671 1009 814 1091 catenis,
838 1007 928 1078 unu
941 1015 1194 1101 argumentum
1206 1016 1336 1101 postu

217 1110 338 1197 tubat,
372 1112 528 1198 sideru,
562 1111 761 1182 accurrisse
806 1110 962 1179 erendue
991 1112 1067 1203 opis
1090 1110 1229 1203 gratia
1287 1114 1336 1182 At

215 1212 274 1285 bic
296 1212 451 1303 quidem,
484 1224 521 1282 ut
544 1214 784 1306 praecedentia
806 1213 948 1298 docent,
984 1223 1019 1283 et
1044 1208 1112 1281 nio
1141 1212 1276 1282 Cassius
1299 1215 1334 1283 iu

216 1318 285 1384 fine
307 1317 385 1384 libri
405 1317 495 1386 XLI.
516 1316 561 1384 de
583 1316 786 1386 citharoedis
807 1337 917 1385 sermo
939 1325 1007 1403 est,
1032 1315 1162 1387 cantica
1182 1339 1204 1385 e
1221 1315 1333 1386 Grae-

217 1421 266 1487 cis
286 1419 410 1486 fabulis
431 1419 647 1488 cantantibus.
699 1419 902 1508 Eodemque
919 1418 1019 1487 Plinii
1036 1419 1133 1489 loeus
1155 1421 1333 1510 speetfflu

216 1522 304 1590 Hist.
317 1522 394 1590 Nat.
408 1520 581 1590 XXXVII.
595 1522 629 1589 2.
652 1532 731 1592 sect.
747 1521 783 1589 7.
800 1545 903 1611 quem
917 1531 1011 1592 reete
1030 1522 1191 1614 explicuit
1206 1522 1333 1592 Gasan-

215 1627 324 1696 bonus
343 1623 389 1692 ad
402 1624 554 1693 Suetonii
567 1626 691 1694 locum.
743 1624 815 1694 seo
833 1625 995 1694 Horatius
1021 1634 1139 1716 aperte
1161 1635 1331 1694 mutarem

217 1738 252 1797 et
265 1728 462 1797 histrionem
475 1728 633 1798 eumdem
646 1751 717 1797 esse
730 1727 912 1822 significat,
939 1750 1044 1818 quum
1067 1726 1168 1813 dicit,

371 1879 484 1951 donee
504 1890 644 1967 cantu,
677 1903 739 1950 uos
758 1881 942 1974 plaudite,
978 1881 1087 1950 (licat.

214 2032 324 2118 Sunt,
356 2033 416 2123 qui
445 2031 567 2101 eodem
588 2032 735 2100 referant
756 2034 856 2100 etiam
878 2031 966 2103 haee
993 2033 1167 2103 Ciceronis
1192 2036 1228 2103 in
1250 2042 1329 2102 orat

213 2154 286 2229 pro
301 2135 340 2205 P.
357 2135 473 2205 Sextio
496 2158 527 2206 e.
541 2133 602 2203 55.
617 2157 703 2203 num
722 2158 830 2228 quum
843 2127 1018 2229 ageretur
1036 2143 1185 2229 togata,
1212 2135 1331 2206 Simu-

100 2226 106 2242 ’
215 2238 313 2324 hue,
339 2246 378 2307 ut
393 2240 533 2330 opinor,
559 2245 814 2329 antenotata,
840 2239 1041 2308 clarissima
1060 2240 1281 2335 concentione
1296 2241 1330 2308 in

215 2363 278 2411 ore
298 2343 429 2434 impuri
448 2342 596 2412 bominis
617 2342 799 2412 imminens
820 2342 1026 2413 concionata
1043 2350 1111 2429 eet,
1138 2342 1245 2412 huic
1265 2343 1329 2412 ui-

215 2452 289 2514 tae
310 2452 433 2528 tuae,
461 2453 511 2531 et,
539 2452 643 2539 post
662 2445 897 2538 principia
923 2450 1059 2536 atque
1085 2446 1330 2528 euitnsui-

214 2549 364 2617 tiosue
387 2549 525 2617 uitae.
577 2547 737 2617 Sedebat
761 2547 1000 2617 exanimatus:
1025 2548 1120 2633 etis,
1146 2549 1330 2640 qui‘untea

214 2659 400 2720 cantuum
432 2651 586 2721 convicio
627 2652 807 2723 concimm
846 2649 1029 2719 celebrare
1067 2666 1154 2720 suus
1184 2650 1328 2737 solebat,

215 2760 400 2822 cantorum
416 2754 572 2844 meorum
593 2753 736 2824 vonum
750 2753 963 2824 eiiciebatur.
1016 2752 1089 2823 sat
1105 2754 1150 2823 de
1167 2752 1239 2824 boe
1251 2757 1329 2824 loco

214 2855 299 2944 quid
321 2855 481 2942 sentiam,
506 2880 608 2948 supra
630 2857 814 2926 indicatum
835 2867 893 2926 est
945 2857 1038 2941 Quin
1068 2857 1179 2925 fateor
1207 2859 1330 2949 potius,

214 2956 405 3029 nihildum
427 2981 484 3025 me
504 2959 683 3049 reperisse,
716 2960 807 3028 unde
834 2969 926 3029 certo
950 2959 1096 3052 intelligi
1115 2971 1251 3053 posset,
1275 2960 1331 3029 hi-

214 3060 373 3129 strionem
394 3063 525 3129 cantica
544 3061 713 3129 interdum
740 3061 840 3130 etiarn
863 3062 1029 3131 cecinisse.
1080 3063 1121 3131 In
1142 3087 1246 3154 quarn
1258 3086 1330 3133 rem

213 3187 294 3234 mox
312 3163 488 3255 proferam
505 3165 622 3235 locum
645 3164 814 3233 Ciceronis
836 3187 905 3233 nou
933 3168 1041 3234 minus
1062 3167 1329 3253 memorabilem,

213 3270 325 3358 quam
346 3291 433 3359 quae
459 3291 562 3362 snpra
585 3293 605 3337 e
628 3267 689 3337 lll
715 3268 761 3337 de
787 3289 836 3336 or.
865 3265 926 3337 26.
952 3268 1036 3336 102.
1064 3270 1174 3355 attuli,
1209 3271 1269 3339 ubi
1288 3269 1330 3338 de

212 3373 352 3461 Aesopo
374 3372 541 3442 canticum
562 3381 685 3463 agente
709 3373 756 3442 sic
776 3371 942 3461 loquitur,
967 3381 1101 3441 utnon
1122 3374 1192 3442 sine
1216 3395 1331 3442 caussa

80 3468 83 3474 ’
167 3475 324 3555 14solum
347 3484 496 3566 gestum,
530 3498 599 3543 non
618 3477 718 3545 etiam
745 3497 866 3547 vocem
892 3482 1095 3563 cantumque
1119 3498 1330 3546 commemo-

215 3601 291 3648 rare
307 3577 470 3645 videatur.
520 3578 592 3672 Sed
603 3579 800 3667 prinsquam
812 3578 896 3645 istuc
910 3579 1062 3664 veniam,
1086 3578 1172 3646 illud
1192 3601 1263 3646 non
1283 3587 1331 3648 est

213 3680 515 3774 praetereundum,
546 3680 640 3770 quod
660 3681 875 3774 Boettigerus
898 3681 1061 3759 Roscium
1088 3683 1330 3774 Aesopumque

213 3806 281 3852 non
296 3783 357 3850 nisi
373 3772 503 3852 cantica
522 3785 648 3875 egisse,
675 3783 825 3853 diverbia
847 3792 959 3852 autem
976 3784 1140 3877 gregibus
1165 3787 1230 3853 suis
1250 3785 1331 3854 reli-

212 3889 321 3978 quisse
331 3887 422 3956 dicit.
474 3887 558 3971 Quis
574 3888 682 3972 enim,
709 3888 810 3956 etiam
833 3887 859 3954 si
868 3908 990 3988 ⁸omnes
1007 3910 1048 3956 ea
1061 3887 1106 3956 de
1127 3911 1166 3956 re
1185 3888 1330 3979 scripto-

211 4013 264 4059 res
288 3999 457 4079 tacerent,
499 3990 560 4058 sibi
587 3989 807 4080 persuadeat,
847 3990 1040 4060 Ballionem
1070 3999 1105 4059 et
1132 3993 1275 4061 Aiacem
1296 3992 1331 4059 in

212 4094 348 4164 canticis
362 4094 407 4161 ab
421 4093 548 4163 Roscio
565 4102 598 4161 et
617 4095 774 4185 Aesopo,
800 4094 837 4161 in
851 4093 1009 4163 diverbiis
1030 4095 1075 4163 ab
1099 4094 1180 4177 alio-
1192 4096 1330 4188 ignobi-

212 4195 297 4263 liora
316 4205 431 4266 actore
457 4207 570 4267 actum
600 4196 700 4265 esse?
735 4197 828 4287 quis,
868 4204 906 4264 ut
936 4207 1070 4268 caetera
1105 4209 1330 4289 praeteream,

212 4319 282 4368 non
300 4298 430 4387 videat,
459 4301 487 4369 si
509 4323 578 4391 qua
604 4323 720 4385 scena,
754 4309 793 4371 ut
814 4322 933 4392 saepe,
968 4323 988 4372 e
1011 4297 1142 4372 caneo
1162 4302 1197 4373 in
1217 4302 1332 4375 direr-
