2826 4904
55 352 59 372 ,
205 298 269 361 roo
433 292 490 355 oa
517 290 700 354 remrsr
721 291 779 352 rr
800 287 1086 354 euroaustro

205 475 316 536 mente
331 464 442 554 repeti
461 462 602 533 debeat·
629 459 835 543 orodiovc’
812 464 996 553 απέχονπα
1017 488 1061 536 ον
1052 457 1192 536 ’πλέον
1217 459 1300 539 ἐππιί

103 600 106 615 ²
205 567 385 643 σταδίων·
405 569 465 665 ι’τη
483 593 631 659 γεγονιος
644 565 751 640 πλοισι
773 560 1057 687 ἑβδομήκοντα’
1040 565 1141 638 auda
1192 564 1304 657 Neque

203 674 237 740 in
250 673 311 740 illo
333 672 459 761 ellipsis
477 678 544 754 est,
571 667 730 743 ἐλείπετο
749 665 891 740 οὐδὲν”
870 696 926 741 eu
944 661 1059 763 αὐτῆν
1075 662 1302 762 φονεύεσθαι,

204 777 282 865 quia
296 773 385 842 solus
400 797 463 865 per
480 796 516 841 se
529 772 706 841 infinitivus
722 770 888 861 significat
903 768 1195 862 adpereuadana
1244 774 1304 840 Pa·

204 902 279 945 rum
305 876 420 944 differt
434 877 478 944 ab
497 874 682 943 hocloco
673 897 712 959 ιε,
739 897 840 963 quem
855 893 897 940 ex
910 872 1081 965 Euripidis
1094 874 1267 945 Alcestide
1278 899 1303 944 ι.

204 977 426 1048 Saloatum
454 977 675 1047 Schaeferus·

139 1127 197 1188 18]
309 1113 348 1188 σι’
365 1108 434 1210 γάρ
457 1110 560 1237 dvdpl
579 1107 688 1187 νανόν
707 1118 851 1235 μεῖζον,
877 1108 1056 1209 ἁμαρτεῖν

306 1218 435 1306 πιστῆς
455 1210 610 1307 ἀλόχους

204 1353 244 1421 Ιιι
268 1375 337 1441 quo
360 1353 440 1421 loco
469 1375 574 1441 quum
602 1359 694 1421 recte
717 1351 849 1441 ellipsin
871 1349 1079 1440 improbaret
1099 1344 1302 1438 Schaererus,

204 1478 272 1524 nou
296 1455 443 1524 debebat
459 1464 571 1523 tamen
594 1455 641 1521 ita
663 1476 741 1522 eum
763 1453 977 1522 constituere·

307 1592 475 1712 ἔμνησας,
504 1589 526 1664 ὅ
554 1617 627 1684 μου
648 1591 779 1685 φρένας
799 1586 971 1678 ῆλιιωσον,

306 1694 360 1779 (τί
384 1688 570 1815 γαροέιδρὶ
592 1687 701 1766 raudo
717 1698 854 1785 μεῖζον
850 1695 877 1777 ς)
909 1688 1088 1789 ἁμαρτεῖν

306 1797 434 1892 πιστῆς
456 1790 602 1887 οἷλόχοσ

204 1932 410 2016 Quomodo
433 1931 492 2019 qui
513 1933 670 2021 loquutus
693 1934 750 2017 sit,
774 1952 894 1999 vereor
916 1939 953 1998 ut
977 1932 1156 2021 quisquam
1179 1929 1303 2024 reperiri

206 2042 315 2123 queat.
367 2033 539 2124 Expedita
560 2043 635 2102 sunt
648 2037 779 2120 omnia,
805 2035 832 2102 si
846 2033 893 2102 sic
905 2034 1139 2128 interpungas.

307 2172 345 2244 πί
364 2166 432 2267 γαρ
457 2167 561 2293 οἱνδρὶ
582 2198 692 2245 παιον
713 2177 837 2265 μεῖζον
858 2166 1057 2269 αμαρπεῖν,
1158 2254 1165 2269 s

306 2275 434 2371 πιστῆς
453 2267 615 2365 οἷλόχοος

204 2421 241 2480 ut
264 2411 391 2505 πιστῆς
414 2404 549 2501 α’λόχοο
568 2432 636 2478 nou
662 2433 703 2478 ex
731 2407 928 2506 αμαρτεΐν,
963 2409 1023 2478 sed
1047 2413 1304 2502 eoomparatlvo

204 2521 326 2607 μεῖζον
341 2515 507 2606 pendeat:
540 2514 627 2606 quid
646 2514 737 2582 enim
757 2514 833 2582 viro
855 2514 987 2582 tristius
1008 2521 1059 2581 est
1081 2514 1134 2583 ad
1154 2516 1305 2584 amitten-

205 2618 307 2702 dum,
341 2640 449 2708 quam
464 2615 557 2711 fida
584 2637 684 2685 αασν.

308 2719 401 2803 Quid
430 2741 512 2786 vero
546 2719 695 2788 dicemus
727 2719 771 2786 de
809 2742 869 2805 eo,
904 2718 998 2808 quod
1031 2717 1204 2804 Porsono‚
1243 2718 1307 2787 viro

141 2799 148 2819 l
204 2819 338 2889 Graece
361 2820 572 2906 doctissimo,
598 2822 698 2890 etiam
724 2820 768 2916 ῆν
784 2826 839 2890 vel
862 2819 952 2894 ὅταν
967 2844 1030 2912 per
1052 2822 1188 2913 ellipsin
1203 2825 1308 2891 abesse

204 2924 312 2992 visum
330 2923 426 2991 estin
448 2923 518 2993 hoc
533 2923 705 3015 Euripidis
720 2925 820 3009 loco,
845 2926 979 2994 Hecub.
1000 2923 1113 2992 1018.
1220 2978 1231 2991 .

307 3056 479 3154 οἷλίμονόν
492 3088 547 3140 τις
567 3086 611 3141 ως
626 3065 661 3140 ἐς
676 3058 809 3133 ἄοπλον
829 3087 945 3134 πεσοιν

305 3165 444 3293 λέχριος
465 3163 592 3259 ἑκπέση
616 3162 720 3259 φίλας
741 3163 901 3260 ναρδιας,

305 3261 465 3364 οἷμέρσας
480 3265 574 3361 βίον.

202 3401 306 3473 Tales
337 3403 425 3472 enim
459 3403 699 3494 particulae
674 3427 702 3471 ει
732 3402 839 3469 omitti
866 3407 1022 3490 possunt,
1049 3398 1135 3489 nihil
1158 3398 1314 3491 profecto

201 3516 419 3595 usquamst,
446 3505 541 3592 quod
562 3528 631 3574 non
653 3507 758 3595 possit
779 3505 935 3595 ellipseos
950 3525 1018 3594 ope
1033 3502 1181 3571 defendi.
1232 3505 1316 3573 Par-

201 3610 304 3680 ticula
318 3605 380 3698 ω’ς,
407 3616 446 3674 ut.
456 3609 549 3698 apud
564 3611 754 3677 Homerum
769 3604 876 3691 ὥστε,
902 3628 966 3697 per
979 3630 1014 3675 se
1027 3607 1116 3698 regit
1130 3606 1317 3676 coniuncti-

201 3735 299 3798 vum,
327 3712 354 3779 si
376 3730 514 3779 resnou
540 3721 578 3779 ut
598 3712 706 3796 facta,
733 3709 792 3778 sed
817 3720 854 3777 ut
874 3732 961 3799 quae
987 3710 1060 3777 lieri
1083 3713 1207 3801 possit,
1239 3731 1318 3778 uar-

202 3825 310 3892 ratur.

135 3930 199 3993 182
309 3907 463 4004 rodcd',
491 3913 558 3995 oica
564 3908 739 3989 αιπολια
749 3910 877 3986 πλατο
896 3912 1005 4006 αἱγῆν
1021 3909 1169 3989 αιπόλοι
1190 3872 1319 4014 ἄνδρες

305 4024 386 4116 ῥεῖα
401 4016 700 4113 διαπρινωσιν,’
682 4045 759 4092 οπιι
771 4045 811 4090 ιιι
827 4043 926 4110 νομῳ
943 4019 1124 4111 μιγέωσιν

329 4157 450 4245 Neque
468 4177 547 4221 vera
567 4165 659 4240 suut,
684 4176 772 4244 quae
787 4153 831 4222 de
851 4153 1028 4223 omissione
1049 4122 1237 4246 particulae
1255 4157 1320 4228 ἵνα

202 4281 237 4352 p.
261 4256 348 4327 764.
377 4258 569 4332 afferuntur.
623 4258 725 4343 Loci,
752 4258 809 4347 qui
830 4258 879 4327 ibi
897 4268 1223 4347 commemorantur,
1247 4279 1322 4327 non
