2826 4904
147 314 211 377 212
374 303 1036 369 ouuu1.1Ps1urPLuonasno

151 472 297 568 dicetur,
321 502 425 570 quam
447 479 492 548 ad
515 489 643 551 certum
659 480 763 549 finem
776 502 911 550 necesse
933 487 999 563 est,
1021 484 1060 546 ut
1078 476 1173 568 apud
1188 474 1258 547 Xe-

149 585 358 678 nophontem
381 583 488 651 Mem.
513 584 609 654 Soet.
632 585 693 654 111.
717 582 785 671 13,
811 582 846 651 3.
873 575 964 655 α’λλιί
986 577 1127 678 ψυχρόν
1133 635 1148 671 ,
1175 581 1256 678 ἔφη,

148 688 240 763 ὥστε
257 680 486 775 λούσασθαι,
521 687 630 760 ἐστίν.
680 685 845 777 Confugit
865 687 901 752 in
927 683 1121 752 huiusmodi
1143 704 1258 753 exem-

108 846 113 857 .
145 793 213 883 plis
228 792 330 860 etiam
341 789 620 878 wyttenbachius
634 788 680 856 ad
692 790 826 880 ellipsin
845 789 881 855 in
900 787 990 856 Bibl.
1006 786 1076 860 crit
1096 787 1157 854 111.
1174 786 1256 880 ap.

146 891 227 978 65,
253 901 532 965 commemoratus
559 917 580 960 a
600 891 786 963 Schaefero
803 900 837 959 et
851 890 928 977 hic,
955 899 990 959 et
1010 914 1046 981 p.
1061 888 1169 974 212„
1199 891 1258 958 nbi

146 998 248 1089 plura
268 996 314 1064 de
334 995 405 1064 hoc
422 995 586 1084 loquendi
607 995 713 1064 modo
738 995 842 1062 allata
862 1003 946 1062 sunt
998 994 1099 1062 Nulla
1122 991 1182 1063 hic
1207 995 1257 1061 el-

146 1100 240 1191 lipsis
254 1109 321 1184 est,
348 1100 417 1167 sive
438 1099 635 1189 positivum,
661 1099 731 1166 sive
747 1098 1031 1186 comparativum,
1055 1096 1124 1163 sive
1138 1118 1258 1187 super-

41 1236 46 1247 ·
145 1203 285 1272 lativum
306 1202 347 1269 sit
360 1224 493 1269 nomen.
543 1203 633 1269 Nam
652 1200 741 1270 haec
759 1201 936 1271 locutio
911 1222 960 1271 src
979 1198 1083 1267 debet
1103 1198 1257 1292 intelligi,

24 1342 31 1355 .
145 1315 196 1373 ιιι-
204 1304 292 1373 istud
314 1325 454 1388 nomen,
485 1303 520 1369 in
544 1326 614 1392 quo
633 1302 718 1371 inest
739 1304 967 1393 comparatio,
988 1302 1049 1369 tali
1064 1303 1157 1373 vocis
1174 1325 1258 1371 con·

146 1408 348 1497 fonnatione
372 1407 588 1497 pronunciari
620 1415 775 1497 putetur,
817 1428 905 1495 qnae
931 1405 1175 1473 dubitationem
1201 1406 1257 1472 lo-

146 1512 277 1601 quentis
296 1509 472 1599 enprimat⁴
534 1509 759 1576 Nemo'enim
780 1532 848 1576 non
877 1509 1012 1590 sentiet,
1063 1508 1157 1575 alind
1186 1531 1258 1577 esse

145 1625 258 1682 utrum
275 1634 372 1703 aqum
385 1610 541 1707 frigida
562 1611 614 1680 od
635 1610 830 1679 locandum
853 1611 901 1679 sic
924 1610 1070 1695 dicatur,
1095 1620 1133 1679 ut
1152 1635 1257 1681 voca·

145 1718 264 1786 bulum
267 1713 423 1808 frigida
440 1736 509 1780 non
522 1713 639 1798 aliter,
665 1736 767 1803 quam
786 1715 915 1803 reliqua
929 1715 1190 1803 pronunciatur,
1214 1738 1256 1783 an

144 1820 238 1887 idern
256 1817 460 1887 vocabulum
476 1818 611 1907 gravius
628 1825 662 1885 et
680 1838 758 1885 cum
770 1816 917 1907 quadam
937 1815 1157 1885 haesitatione
1173 1840 1256 1908 pro-

143 1921 287 2004 feratur,
320 1920 412 1988 cuius
432 1918 522 1986 haec
550 1921 597 1987 vis
620 1928 687 2004 est,
718 1928 757 1988 ιιι
778 1920 959 2005 indicetur,
993 1920 1070 1989 satis
1095 1921 1256 2014 frigidam

144 2023 230 2110 dici,
255 2044 439 2112 quamque
460 2021 534 2112 quis
556 2021 661 2092 lavari
675 2023 766 2091 velit.

244 2176 323 2246 Non
343 2156 476 2268 magis,
509 2177 570 2246 ubi
589 2177 730 2272 μᾶλλον
760 2184 841 2269 post
867 2174 938 2273 ὅσῳ
963 2178 1076 2265 abest,
1116 2202 1158 2248 ea
1186 2202 1254 2248 esse

76 2279 269 2371 ldoellipsis
287 2280 438 2372 putanda
470 2289 604 2351 estut
629 2281 723 2374 apud
739 2280 982 2372 Thucydidem
1003 2282 1062 2352 vl.
1088 2279 1150 2351 89.
1172 2282 1253 2372 (nou

143 2381 268 2474 86.)’
251 2410 326 2457 east
319 2382 588 2505 δημοκρατίαν
609 2411 650 2477 ys
666 2385 727 2456 ιιαὶ
740 2380 999 2508 ἐγιγνώσκομεν
1020 2391 1057 2457 οἱ
1070 2386 1253 2511 φρονοῦν-

143 2488 202 2568 τές
223 2513 284 2577 τι,
310 2514 369 2559 aar
395 2481 505 2566 αὐτος
525 2480 714 2567 οὐδενος
689 2514 734 2561 αι
751 2493 888 2584 χιῑροι,
915 2484 986 2582 ὅσῳ
1009 2514 1068 2559 ιιαι
1060 2482 1253 2587 λοιδορή-

144 2614 261 2681 σαιμι.
319 2590 426 2673 Nam,
457 2599 611 2681 utsupra
625 2589 849 2674 ostendimus,
880 2613 1012 2657 ennon
1041 2599 1092 2658 est
1119 2592 1251 2685 ellipsis,

142 2713 248 2780 quum
268 2691 508 2761 vocabulum
498 2714 567 2759 ram
588 2701 685 2760 antea
706 2692 855 2811 positum
869 2694 915 2760 oh
929 2692 994 2760 id
983 2715 1095 2784 spsum
1109 2695 1162 2763 bis
1174 2694 1253 2788 poni

141 2794 356 2862 detrectatur.
419 2794 523 2882 Atqui
551 2794 728 2887 μᾶλλον
719 2817 754 2863 ιιι
785 2798 876 2863 omni
906 2799 1148 2889 comparativo
1162 2799 1252 2882 inest,

141 2898 188 2963 ita
211 2905 249 2963 nt
269 2901 391 2991 χεῖρον
411 2895 446 2961 in
467 2894 682 3015 Thucydidis
702 2898 783 2968 loco
806 2899 847 2965 sit
867 2899 1007 2991 μᾶλλον
1027 2901 1149 2984 acaric-
1201 2896 1252 2971 Er

142 2998 266 3066 eodem
285 3020 412 3089 genere
435 3006 484 3064 est
503 3000 635 3067 omissio
656 3001 891 3069 abverbiomm
907 2998 990 3074 οὐδὲ
1005 3012 1038 3070 et
1052 3002 1160 3094 οὔτε,
1190 3005 1253 3072 alia

141 3109 301 3191 sequente
312 3101 509 3192 negatione.
536 3101 580 3170 de
595 3113 663 3190 qua'
678 3124 717 3169 re
730 3104 890 3194 explicuit
907 3104 1115 3175 Schaeferns
1123 3130 1161 3200 p.
1168 3105 1252 3176 ΊΠ.

140 3206 230 3273 Narn
243 3204 451 3297 haec'longe
466 3205 532 3272 alia
545 3205 657 3297 figura
678 3215 744 3293 est,
771 3229 874 3296 quarn
887 3208 1026 3299 ellipsis.

243 3357 389 3448 Ellipsin
408 3357 596 3448 particulae
622 3356 683 3431 ὅτι
708 3383 752 3428 ne
776 3383 1077 3431 commemorarem
1104 3361 1253 3452 quidem,

141 3461 202 3527 nisi
221 3483 371 3548 vererer,
403 3482 571 3551 nequem
589 3461 635 3529 H.
658 3462 825 3553 Stephani
845 3465 1024 3533 auctoritas
1049 3465 1083 3532 in
1106 3488 1255 3534 errorem

140 3563 346 3653 implicaretr
379 3563 437 3651 qui
460 3587 565 3651 quum
579 3587 662 3631 eam
689 3566 890 3655 particulam
920 3569 1075 3635 omissam
1101 3568 1255 3638 crederet

141 3667 177 3734 in
198 3667 269 3736 hoc
288 3666 501 3756 Thucydidis
517 3666 614 3750 loco,
640 3667 682 3734 V.
703 3666 764 3734 61.
790 3694 850 3739 ιαι
842 3664 1252 3765 ιιροςβολαςέιιοιοιῖι-

141 3794 211 3859 ro,
257 3766 477 3862 βουλόμενοι
512 3766 625 3848 ἄλλως
661 3796 703 3842 τε
733 3774 994 3894 ιιροςγειέσθαι
1024 3772 1150 3894 σφίσι,
1195 3771 1254 3845 ιιαὶ

143 3869 280 3967 ὅμηροι
304 3876 341 3943 εἰ
364 3870 429 3967 τῆς
451 3867 696 3966 ''Apucdae'nc
671 3898 763 3968 ησαι
796 3867 934 3946 αὐτόθι
959 3869 1034 3949 tro*
1060 3877 1252 3951 Λακεδαι-

141 3973 279 4063 μοιίωιι
299 3971 477 4066 κείμενοι,
502 3995 571 4040 ιιοιι
594 3975 841 4061 animadvertit,
872 3976 1133 4066 Thucydidem,
1160 3978 1253 4068 qnod

141 4074 169 4140 is
189 4076 271 4143 facit
289 4076 496 4167 saepissime,
525 4098 630 4164 quum
654 4088 729 4144 ante
751 4102 793 4146 ex
813 4080 919 4148 aliena
940 4082 1100 4150 sententia
1120 4082 1252 4154 locutus

143 4184 243 4262 esset,
268 4201 310 4244 ex
330 4202 389 4246 sna
407 4179 511 4270 ipsius
528 4182 690 4247 sententia
708 4182 802 4271 loqui
816 4205 973 4276 pergere.
1022 4185 1160 4253 Maiore
1174 4207 1252 4254 cnm

141 4277 256 4372 specie
276 4279 391 4350 afferri
411 4284 596 4376 potuissent
623 4283 708 4352 tales
737 4285 823 4374 loci,
874 4287 991 4376 quales
1020 4287 1191 4358 Matthiae
1217 4289 1251 4355 iu
