<?xml version="1.0" encoding="UTF-8"?>
<!DOCTYPE html PUBLIC "-//W3C//DTD XHTML 1.0 Transitional//EN"
    "http://www.w3.org/TR/xhtml1/DTD/xhtml1-transitional.dtd">
<html xmlns="http://www.w3.org/1999/xhtml" xml:lang="en" lang="en">
 <head>
  <title>
</title>
<meta http-equiv="Content-Type" content="text/html;charset=utf-8" />
  <meta name='ocr-system' content='tesseract 3.04.00' />
  <meta name='ocr-capabilities' content='ocr_page ocr_carea ocr_par ocr_line ocrx_word'/>
</head>
<body>
  <div class='ocr_page' id='page_1' title='image "./opuscula02hermgoog/opuscula02hermgoog_0338.png"; bbox 0 0 2826 4904; ppageno 0'>
   <div class='ocr_carea' id='block_1_1' title="bbox 406 348 1245 450">
    <p class='ocr_par' dir='ltr' id='par_1_1' title="bbox 406 348 1245 450">
     <span class='ocr_line' id='line_1_1' title="bbox 406 348 1245 450; baseline 0.007 -39"><span class='ocrx_word' id='word_1_1' title='bbox 406 351 465 412; x_wconf 90' lang='lat' dir='ltr'><strong>DE</strong></span> <span class='ocrx_word' id='word_1_2' title='bbox 492 348 773 414; x_wconf 76' lang='lat' dir='ltr'><strong>Pnonoutlnn</strong></span> <span class='ocrx_word' id='word_1_3' title='bbox 803 352 976 450; x_wconf 78' lang='grc' dir='ltr'><strong>ΑΤΤΟΣ.</strong></span> <span class='ocrx_word' id='word_1_4' title='bbox 1184 350 1245 417; x_wconf 67' lang='grc'><strong>041</strong></span> 
     </span>
    </p>
   </div>
   <div class='ocr_carea' id='block_1_2' title="bbox 133 515 1303 1130">
    <p class='ocr_par' dir='ltr' id='par_1_2' title="bbox 133 515 1303 1130">
     <span class='ocr_line' id='line_1_2' title="bbox 134 515 1249 612; baseline -0.005 -17"><span class='ocrx_word' id='word_1_5' title='bbox 134 547 210 595; x_wconf 91' lang='lat' dir='ltr'><strong>rum</strong></span> <span class='ocrx_word' id='word_1_6' title='bbox 236 524 356 593; x_wconf 88' lang='lat' dir='ltr'><strong>saltem</strong></span> <span class='ocrx_word' id='word_1_7' title='bbox 380 545 544 612; x_wconf 79' lang='lat' dir='ltr'><strong>nusquam</strong></span> <span class='ocrx_word' id='word_1_8' title='bbox 567 523 759 592; x_wconf 89' lang='lat' dir='ltr'><strong>encliticum</strong></span> <span class='ocrx_word' id='word_1_9' title='bbox 788 525 830 590; x_wconf 85' lang='lat' dir='ltr'><strong>sit</strong></span> <span class='ocrx_word' id='word_1_10' title='bbox 851 515 977 610; x_wconf 74' lang='grc' dir='ltr'><em>αὐτόν,</em></span> <span class='ocrx_word' id='word_1_11' title='bbox 1010 519 1158 610; x_wconf 87' lang='lat' dir='ltr'><strong>quomis</strong></span> <span class='ocrx_word' id='word_1_12' title='bbox 1177 518 1249 589; x_wconf 91' lang='lat' dir='ltr'><strong>hoc</strong></span> 
     </span>
     <span class='ocr_line' id='line_1_3' title="bbox 133 622 1247 723; baseline -0.005 -27"><span class='ocrx_word' id='word_1_13' title='bbox 133 650 324 723; x_wconf 87' lang='lat' dir='ltr'><strong>pronomen</strong></span> <span class='ocrx_word' id='word_1_14' title='bbox 345 627 446 696; x_wconf 89' lang='lat' dir='ltr'><strong>etiam</strong></span> <span class='ocrx_word' id='word_1_15' title='bbox 467 627 502 695; x_wconf 92' lang='lat' dir='ltr'><strong>iu</strong></span> <span class='ocrx_word' id='word_1_16' title='bbox 522 627 614 694; x_wconf 91' lang='lat' dir='ltr'><strong>initio</strong></span> <span class='ocrx_word' id='word_1_17' title='bbox 636 649 748 695; x_wconf 84' lang='lat' dir='ltr'><strong>uersus</strong></span> <span class='ocrx_word' id='word_1_18' title='bbox 768 628 935 718; x_wconf 80' lang='lat' dir='ltr'><strong>posuerit,</strong></span> <span class='ocrx_word' id='word_1_19' title='bbox 961 626 1019 713; x_wconf 90' lang='lat' dir='ltr'><strong>qui</strong></span> <span class='ocrx_word' id='word_1_20' title='bbox 1035 624 1130 691; x_wconf 89' lang='lat' dir='ltr'><strong>locus</strong></span> <span class='ocrx_word' id='word_1_21' title='bbox 1150 622 1247 692; x_wconf 88' lang='lat' dir='ltr'><strong>incli-</strong></span> 
     </span>
     <span class='ocr_line' id='line_1_4' title="bbox 134 726 1248 820; baseline -0.008 -20"><span class='ocrx_word' id='word_1_22' title='bbox 134 732 262 800; x_wconf 90' lang='lat' dir='ltr'><strong>nationi</strong></span> <span class='ocrx_word' id='word_1_23' title='bbox 284 737 440 799; x_wconf 86' lang='lat' dir='ltr'><strong>accentus</strong></span> <span class='ocrx_word' id='word_1_24' title='bbox 465 731 649 799; x_wconf 90' lang='lat' dir='ltr'><strong>contrarius</strong></span> <span class='ocrx_word' id='word_1_25' title='bbox 675 741 733 797; x_wconf 87' lang='lat' dir='ltr'><strong>est.</strong></span> <span class='ocrx_word' id='word_1_26' title='bbox 796 730 993 820; x_wconf 82' lang='lat' dir='ltr'><strong>intelligent</strong></span> <span class='ocrx_word' id='word_1_27' title='bbox 1023 726 1141 820; x_wconf 91' lang='lat' dir='ltr'><strong>periti,</strong></span> <span class='ocrx_word' id='word_1_28' title='bbox 1178 748 1248 809; x_wconf 92' lang='lat' dir='ltr'><strong>cur,</strong></span> 
     </span>
     <span class='ocr_line' id='line_1_5' title="bbox 135 829 1303 925; baseline -0.006 -23"><span class='ocrx_word' id='word_1_29' title='bbox 135 858 241 925; x_wconf 90' lang='lat' dir='ltr'><strong>quum</strong></span> <span class='ocrx_word' id='word_1_30' title='bbox 257 833 315 901; x_wconf 91' lang='lat' dir='ltr'><strong>alii</strong></span> <span class='ocrx_word' id='word_1_31' title='bbox 335 833 404 901; x_wconf 93' lang='lat' dir='ltr'><strong>loci</strong></span> <span class='ocrx_word' id='word_1_32' title='bbox 420 832 543 919; x_wconf 79' lang='lat' dir='ltr'><strong>desint,</strong></span> <span class='ocrx_word' id='word_1_33' title='bbox 571 832 671 901; x_wconf 89' lang='lat' dir='ltr'><strong>etiam</strong></span> <span class='ocrx_word' id='word_1_34' title='bbox 692 832 817 901; x_wconf 90' lang='lat' dir='ltr'><strong>talibus</strong></span> <span class='ocrx_word' id='word_1_35' title='bbox 839 831 909 901; x_wconf 94' lang='lat' dir='ltr'><strong>hoc</strong></span> <span class='ocrx_word' id='word_1_36' title='bbox 928 831 1011 902; x_wconf 86' lang='lat' dir='ltr'><strong>locis</strong></span> <span class='ocrx_word' id='word_1_37' title='bbox 1024 829 1163 922; x_wconf 89' lang='lat' dir='ltr'><strong>probari</strong></span> <span class='ocrx_word' id='word_1_38' title='bbox 1177 829 1248 896; x_wconf 82' lang='lat' dir='ltr'><strong>exi-</strong></span> <span class='ocrx_word' id='word_1_39' title='bbox 1300 912 1303 916; x_wconf 16' lang='grc' dir='ltr'><em>ι</em></span> 
     </span>
     <span class='ocr_line' id='line_1_6' title="bbox 135 932 1248 1027; baseline -0.006 -21"><span class='ocrx_word' id='word_1_40' title='bbox 135 938 284 1020; x_wconf 84' lang='lat' dir='ltr'><strong>stimem,</strong></span> <span class='ocrx_word' id='word_1_41' title='bbox 309 937 481 1024; x_wconf 91' lang='lat' dir='ltr'><strong>inquibus</strong></span> <span class='ocrx_word' id='word_1_42' title='bbox 501 944 656 1005; x_wconf 87' lang='lat' dir='ltr'><strong>accentus</strong></span> <span class='ocrx_word' id='word_1_43' title='bbox 672 935 771 1001; x_wconf 91' lang='lat' dir='ltr'><strong>etiam</strong></span> <span class='ocrx_word' id='word_1_44' title='bbox 790 945 934 1027; x_wconf 90' lang='lat' dir='ltr'><strong>propter</strong></span> <span class='ocrx_word' id='word_1_45' title='bbox 950 935 1030 1001; x_wconf 83' lang='lat' dir='ltr'><strong>alias</strong></span> <span class='ocrx_word' id='word_1_46' title='bbox 1047 955 1177 1001; x_wconf 77' lang='lat' dir='ltr'><strong>caussas</strong></span> <span class='ocrx_word' id='word_1_47' title='bbox 1195 932 1248 999; x_wconf 87' lang='lat' dir='ltr'><strong>in-</strong></span> 
     </span>
     <span class='ocr_line' id='line_1_7' title="bbox 135 1035 1042 1130; baseline -0.006 -21"><span class='ocrx_word' id='word_1_48' title='bbox 135 1041 348 1112; x_wconf 85' lang='lat' dir='ltr'><strong>clinationem</strong></span> <span class='ocrx_word' id='word_1_49' title='bbox 369 1038 512 1128; x_wconf 78' lang='lat' dir='ltr'><strong>repellit.</strong></span> <span class='ocrx_word' id='word_1_50' title='bbox 564 1038 623 1107; x_wconf 87' lang='lat' dir='ltr'><strong>Sic</strong></span> <span class='ocrx_word' id='word_1_51' title='bbox 635 1039 740 1130; x_wconf 87' lang='lat' dir='ltr'><strong>igitur</strong></span> <span class='ocrx_word' id='word_1_52' title='bbox 755 1036 875 1127; x_wconf 83' lang='lat' dir='ltr'><strong>Odyss.</strong></span> <span class='ocrx_word' id='word_1_53' title='bbox 898 1065 935 1111; x_wconf 87' lang='grc' dir='ltr'><strong>π.</strong></span> <span class='ocrx_word' id='word_1_54' title='bbox 956 1035 1042 1104; x_wconf 80' lang='grc'><strong>309.</strong></span> 
     </span>
    </p>
   </div>
   <div class='ocr_carea' id='block_1_3' title="bbox 133 1200 1264 1750">
    <p class='ocr_par' dir='ltr' id='par_1_3' title="bbox 133 1200 1264 1750">
     <span class='ocr_line' id='line_1_8' title="bbox 277 1200 1243 1332; baseline -0.001 -50"><span class='ocrx_word' id='word_1_55' title='bbox 277 1306 332 1332; x_wconf 49' lang='grc' dir='ltr'>Η</span> <span class='ocrx_word' id='word_1_56' title='bbox 714 1215 774 1283; x_wconf 82' lang='grc' dir='ltr'><strong>ἵνα</strong></span> <span class='ocrx_word' id='word_1_57' title='bbox 793 1206 984 1305; x_wconf 72' lang='grc' dir='ltr'><em>φθίσωμεν</em></span> <span class='ocrx_word' id='word_1_58' title='bbox 1008 1200 1147 1286; x_wconf 76' lang='grc' dir='ltr'><em>ἑλόντες</em></span> <span class='ocrx_word' id='word_1_59' title='bbox 1238 1272 1243 1281; x_wconf 88' lang='grc'><em>,</em></span> 
     </span>
     <span class='ocr_line' id='line_1_9' title="bbox 237 1339 364 1386; baseline -0.008 -1"><span class='ocrx_word' id='word_1_60' title='bbox 237 1339 364 1386; x_wconf 72' lang='lat' dir='ltr'><strong>octor.</strong></span> 
     </span>
     <span class='ocr_line' id='line_1_10' title="bbox 133 1444 393 1532; baseline -0.012 -14"><span class='ocrx_word' id='word_1_61' title='bbox 133 1448 232 1521; x_wconf 89' lang='lat' dir='ltr'><strong>Iliad.</strong></span> <span class='ocrx_word' id='word_1_62' title='bbox 258 1456 290 1532; x_wconf 55' lang='grc' dir='ltr'><strong>ξ.“</strong></span> <span class='ocrx_word' id='word_1_63' title='bbox 306 1444 393 1516; x_wconf 80' lang='grc'><strong>450.</strong></span> 
     </span>
     <span class='ocr_line' id='line_1_11' title="bbox 834 1543 1070 1642; baseline -0.013 -21"><span class='ocrx_word' id='word_1_64' title='bbox 834 1548 896 1622; x_wconf 86' lang='grc' dir='ltr'><strong>καί</strong></span> <span class='ocrx_word' id='word_1_65' title='bbox 914 1575 980 1642; x_wconf 89' lang='grc' dir='ltr'><strong>μιν</strong></span> <span class='ocrx_word' id='word_1_66' title='bbox 1007 1543 1070 1619; x_wconf 75' lang='lat' dir='ltr'><strong>ito</strong></span> 
     </span>
     <span class='ocr_line' id='line_1_12' title="bbox 237 1646 1264 1750; baseline -0.006 -24"><span class='ocrx_word' id='word_1_67' title='bbox 237 1649 338 1749; x_wconf 71' lang='lat' dir='ltr'><strong>crispi</strong></span> <span class='ocrx_word' id='word_1_68' title='bbox 357 1646 606 1750; x_wconf 74' lang='grc' dir='ltr'><em>σκηπτόμενον</em></span> <span class='ocrx_word' id='word_1_69' title='bbox 627 1651 779 1746; x_wconf 77' lang='grc' dir='ltr'><em>κατίμεν</em></span> <span class='ocrx_word' id='word_1_70' title='bbox 804 1646 919 1745; x_wconf 81' lang='grc' dir='ltr'><em>δόμον</em></span> <span class='ocrx_word' id='word_1_71' title='bbox 937 1648 1063 1730; x_wconf 71' lang='grc' dir='ltr'><em>’Ἀίδας</em></span> <span class='ocrx_word' id='word_1_72' title='bbox 1078 1649 1171 1721; x_wconf 85' lang='grc' dir='ltr'><em>εἴσω.</em></span> <span class='ocrx_word' id='word_1_73' title='bbox 1261 1686 1264 1692; x_wconf 89' lang='grc'><strong><em>·</em></strong></span> 
     </span>
    </p>
   </div>
   <div class='ocr_carea' id='block_1_4' title="bbox 135 1784 607 1882">
    <p class='ocr_par' dir='ltr' id='par_1_4' title="bbox 135 1784 607 1882">
     <span class='ocr_line' id='line_1_13' title="bbox 135 1784 607 1882; baseline -0.013 -20"><span class='ocrx_word' id='word_1_74' title='bbox 135 1796 171 1863; x_wconf 80' lang='lat' dir='ltr'><strong>ei</strong></span> <span class='ocrx_word' id='word_1_75' title='bbox 187 1791 223 1858; x_wconf 90' lang='lat' dir='ltr'><strong>in</strong></span> <span class='ocrx_word' id='word_1_76' title='bbox 237 1789 367 1882; x_wconf 81' lang='lat' dir='ltr'><strong>hymno</strong></span> <span class='ocrx_word' id='word_1_77' title='bbox 385 1789 504 1881; x_wconf 85' lang='lat' dir='ltr'><strong>Apoll.</strong></span> <span class='ocrx_word' id='word_1_78' title='bbox 521 1784 607 1857; x_wconf 82' lang='lat'><strong>345.</strong></span> 
     </span>
    </p>
   </div>
   <div class='ocr_carea' id='block_1_5' title="bbox 240 1933 1249 2145">
    <p class='ocr_par' dir='ltr' id='par_1_5' title="bbox 240 1933 1249 2145">
     <span class='ocr_line' id='line_1_14' title="bbox 242 1933 1249 2036; baseline -0.008 -17"><span class='ocrx_word' id='word_1_79' title='bbox 242 1941 331 2019; x_wconf 81' lang='grc' dir='ltr'><em>οὔτε</em></span> <span class='ocrx_word' id='word_1_80' title='bbox 344 1936 432 2016; x_wconf 87' lang='grc' dir='ltr'><em>πότ’</em></span> <span class='ocrx_word' id='word_1_81' title='bbox 448 1946 482 2024; x_wconf 75' lang='grc' dir='ltr'><strong>ές</strong></span> <span class='ocrx_word' id='word_1_82' title='bbox 496 1942 618 2016; x_wconf 68' lang='grc' dir='ltr'><em>θῶκον</em></span> <span class='ocrx_word' id='word_1_83' title='bbox 632 1939 908 2026; x_wconf 75' lang='grc' dir='ltr'><em>πολυδαίδαλον,</em></span> <span class='ocrx_word' id='word_1_84' title='bbox 936 1936 980 2020; x_wconf 76' lang='lat' dir='ltr'><strong>oie</strong></span> <span class='ocrx_word' id='word_1_85' title='bbox 996 1934 1044 2012; x_wconf 88' lang='grc' dir='ltr'><em>τό</em></span> <span class='ocrx_word' id='word_1_86' title='bbox 1054 1933 1169 2036; x_wconf 81' lang='grc' dir='ltr'><em>πόρος</em></span> <span class='ocrx_word' id='word_1_87' title='bbox 1181 1962 1249 2036; x_wconf 91' lang='grc' dir='ltr'><em>περ</em></span> 
     </span>
     <span class='ocr_line' id='line_1_15' title="bbox 240 2037 1141 2145; baseline -0.009 -24"><span class='ocrx_word' id='word_1_88' title='bbox 240 2042 345 2143; x_wconf 77' lang='grc' dir='ltr'><em>αὐτῷ</em></span> <span class='ocrx_word' id='word_1_89' title='bbox 368 2047 562 2145; x_wconf 78' lang='grc' dir='ltr'><em>ἐφεζομένη</em></span> <span class='ocrx_word' id='word_1_90' title='bbox 584 2039 733 2126; x_wconf 80' lang='grc' dir='ltr'><em>ποκινας</em></span> <span class='ocrx_word' id='word_1_91' title='bbox 758 2046 973 2143; x_wconf 80' lang='grc' dir='ltr'><em>φραζέσκετο</em></span> <span class='ocrx_word' id='word_1_92' title='bbox 997 2037 1141 2136; x_wconf 75' lang='grc' dir='ltr'><strong>βουλάς.</strong></span> 
     </span>
    </p>
   </div>
   <div class='ocr_carea' id='block_1_6' title="bbox 134 2195 1297 2501">
    <p class='ocr_par' dir='ltr' id='par_1_6' title="bbox 134 2195 1297 2501">
     <span class='ocr_line' id='line_1_16' title="bbox 135 2195 1297 2286; baseline -0.008 -16"><span class='ocrx_word' id='word_1_93' title='bbox 135 2199 278 2269; x_wconf 86' lang='lat' dir='ltr'><strong>Minime</strong></span> <span class='ocrx_word' id='word_1_94' title='bbox 293 2200 445 2268; x_wconf 88' lang='lat' dir='ltr'><strong>omnium</strong></span> <span class='ocrx_word' id='word_1_95' title='bbox 460 2207 573 2267; x_wconf 90' lang='lat' dir='ltr'><strong>autem</strong></span> <span class='ocrx_word' id='word_1_96' title='bbox 587 2208 763 2270; x_wconf 91' lang='lat' dir='ltr'><strong>accentum</strong></span> <span class='ocrx_word' id='word_1_97' title='bbox 781 2196 1007 2267; x_wconf 88' lang='lat' dir='ltr'><strong>inclinandum</strong></span> <span class='ocrx_word' id='word_1_98' title='bbox 1026 2205 1110 2286; x_wconf 92' lang='lat' dir='ltr'><strong>puto</strong></span> <span class='ocrx_word' id='word_1_99' title='bbox 1131 2195 1166 2263; x_wconf 94' lang='lat' dir='ltr'><strong>in</strong></span> <span class='ocrx_word' id='word_1_100' title='bbox 1187 2195 1297 2262; x_wconf 87' lang='lat' dir='ltr'><strong>illooo</strong></span> 
     </span>
     <span class='ocr_line' id='line_1_17' title="bbox 134 2298 1249 2396; baseline -0.006 -24"><span class='ocrx_word' id='word_1_101' title='bbox 134 2303 210 2396; x_wconf 88' lang='lat' dir='ltr'><strong>ipso</strong></span> <span class='ocrx_word' id='word_1_102' title='bbox 225 2304 322 2391; x_wconf 91' lang='lat' dir='ltr'><strong>loco,</strong></span> <span class='ocrx_word' id='word_1_103' title='bbox 350 2301 394 2370; x_wconf 92' lang='lat' dir='ltr'><strong>ad</strong></span> <span class='ocrx_word' id='word_1_104' title='bbox 410 2325 512 2392; x_wconf 91' lang='lat' dir='ltr'><strong>quem</strong></span> <span class='ocrx_word' id='word_1_105' title='bbox 530 2301 573 2371; x_wconf 93' lang='lat' dir='ltr'><strong>de</strong></span> <span class='ocrx_word' id='word_1_106' title='bbox 586 2327 627 2370; x_wconf 89' lang='lat' dir='ltr'><strong>ea</strong></span> <span class='ocrx_word' id='word_1_107' title='bbox 640 2326 679 2371; x_wconf 90' lang='lat' dir='ltr'><strong>re</strong></span> <span class='ocrx_word' id='word_1_108' title='bbox 693 2303 905 2394; x_wconf 90' lang='lat' dir='ltr'><strong>praecipiunt</strong></span> <span class='ocrx_word' id='word_1_109' title='bbox 919 2300 1140 2393; x_wconf 78' lang='lat' dir='ltr'><strong>grammatici,</strong></span> <span class='ocrx_word' id='word_1_110' title='bbox 1153 2298 1249 2366; x_wconf 82' lang='lat' dir='ltr'><strong>Iliad</strong></span> 
     </span>
     <span class='ocr_line' id='line_1_18' title="bbox 134 2404 767 2501; baseline -0.003 -26"><span class='ocrx_word' id='word_1_111' title='bbox 134 2433 173 2501; x_wconf 89' lang='grc' dir='ltr'><strong>μ.</strong></span> <span class='ocrx_word' id='word_1_112' title='bbox 190 2405 276 2475; x_wconf 79' lang='grc'><strong>204.</strong></span> <span class='ocrx_word' id='word_1_113' title='bbox 303 2405 418 2475; x_wconf 84' lang='lat' dir='ltr'><strong>Verba</strong></span> <span class='ocrx_word' id='word_1_114' title='bbox 432 2415 557 2497; x_wconf 89' lang='lat' dir='ltr'><strong>poetae</strong></span> <span class='ocrx_word' id='word_1_115' title='bbox 569 2404 658 2476; x_wconf 90' lang='lat' dir='ltr'><strong>haec</strong></span> <span class='ocrx_word' id='word_1_116' title='bbox 671 2415 767 2475; x_wconf 76' lang='lat' dir='ltr'><strong>sunt·</strong></span> 
     </span>
    </p>
   </div>
   <div class='ocr_carea' id='block_1_7' title="bbox 238 2569 1252 3168">
    <p class='ocr_par' dir='ltr' id='par_1_7' title="bbox 238 2569 1252 3168">
     <span class='ocr_line' id='line_1_19' title="bbox 238 2569 1199 2700; baseline -0.007 -48"><span class='ocrx_word' id='word_1_117' title='bbox 238 2574 345 2700; x_wconf 79' lang='grc' dir='ltr'><em>ὄρνις</em></span> <span class='ocrx_word' id='word_1_118' title='bbox 356 2569 426 2672; x_wconf 76' lang='grc' dir='ltr'><strong>ρόρ</strong></span> <span class='ocrx_word' id='word_1_119' title='bbox 443 2601 531 2670; x_wconf 91' lang='grc' dir='ltr'><em>σφιν</em></span> <span class='ocrx_word' id='word_1_120' title='bbox 550 2576 720 2695; x_wconf 80' lang='grc' dir='ltr'><em>επῆλθε,</em></span> <span class='ocrx_word' id='word_1_121' title='bbox 733 2575 974 2697; x_wconf 73' lang='grc' dir='ltr'><em>περησέμεναι</em></span> <span class='ocrx_word' id='word_1_122' title='bbox 995 2573 1199 2667; x_wconf 71' lang='grc' dir='ltr'><em>μεμαῶσιν,</em></span> 
     </span>
     <span class='ocr_line' id='line_1_20' title="bbox 240 2671 1147 2800; baseline -0.004 -48"><span class='ocrx_word' id='word_1_123' title='bbox 240 2673 361 2759; x_wconf 84' lang='grc' dir='ltr'><em>αἰετός</em></span> <span class='ocrx_word' id='word_1_124' title='bbox 384 2677 581 2800; x_wconf 77' lang='grc' dir='ltr'><em>ὑψιπέτης,</em></span> <span class='ocrx_word' id='word_1_125' title='bbox 607 2676 665 2751; x_wconf 80' lang='grc' dir='ltr'><strong>ἐπ’</strong></span> <span class='ocrx_word' id='word_1_126' title='bbox 695 2674 871 2800; x_wconf 80' lang='grc' dir='ltr'><em>οἷριστερα</em></span> <span class='ocrx_word' id='word_1_127' title='bbox 863 2671 1021 2751; x_wconf 89' lang='grc' dir='ltr'><em>λαον</em></span> <span class='ocrx_word' id='word_1_128' title='bbox 1003 2678 1147 2773; x_wconf 82' lang='grc' dir='ltr'><em>εέργων,</em></span> 
     </span>
     <span class='ocr_line' id='line_1_21' title="bbox 239 2773 1148 2912; baseline -0.004 -58"><span class='ocrx_word' id='word_1_129' title='bbox 239 2775 437 2906; x_wconf 82' lang='grc' dir='ltr'><em>φοινήεντα</em></span> <span class='ocrx_word' id='word_1_130' title='bbox 454 2773 635 2875; x_wconf 73' lang='grc' dir='ltr'><em>δράκοντα</em></span> <span class='ocrx_word' id='word_1_131' title='bbox 653 2782 772 2878; x_wconf 89' lang='grc' dir='ltr'><em>φέρων</em></span> <span class='ocrx_word' id='word_1_132' title='bbox 782 2775 970 2912; x_wconf 65' lang='grc' dir='ltr'><em>όκρχεσσι</em></span> <span class='ocrx_word' id='word_1_133' title='bbox 978 2781 1148 2903; x_wconf 88' lang='grc' dir='ltr'><em>πέλωρον,</em></span> 
     </span>
     <span class='ocr_line' id='line_1_22' title="bbox 239 2876 1226 3011; baseline -0.003 -55"><span class='ocrx_word' id='word_1_134' title='bbox 239 2877 396 2972; x_wconf 84' lang='grc' dir='ltr'><em>ζωόν,</em></span> <span class='ocrx_word' id='word_1_135' title='bbox 375 2911 415 2956; x_wconf 86' lang='grc' dir='ltr'><strong>ετ</strong></span> <span class='ocrx_word' id='word_1_136' title='bbox 454 2879 699 3011; x_wconf 83' lang='grc' dir='ltr'><em>οἱσπαίροντα</em></span> <span class='ocrx_word' id='word_1_137' title='bbox 729 2884 789 2956; x_wconf 91' lang='grc' dir='ltr'><strong>και</strong></span> <span class='ocrx_word' id='word_1_138' title='bbox 804 2881 903 3004; x_wconf 81' lang='grc' dir='ltr'><em>ρόπω</em></span> <span class='ocrx_word' id='word_1_139' title='bbox 926 2876 1062 2980; x_wconf 79' lang='grc' dir='ltr'><em>λήθετο</em></span> <span class='ocrx_word' id='word_1_140' title='bbox 1081 2876 1226 3008; x_wconf 82' lang='grc' dir='ltr'><em>χόρμης.</em></span> 
     </span>
     <span class='ocr_line' id='line_1_23' title="bbox 239 2978 1252 3084; baseline -0.002 -24"><span class='ocrx_word' id='word_1_141' title='bbox 239 2979 335 3080; x_wconf 86' lang='grc' dir='ltr'><em>κόψε</em></span> <span class='ocrx_word' id='word_1_142' title='bbox 351 2978 421 3081; x_wconf 75' lang='grc' dir='ltr'><strong>γάρ</strong></span> <span class='ocrx_word' id='word_1_143' title='bbox 438 2980 553 3058; x_wconf 84' lang='grc' dir='ltr'><em>αότον</em></span> <span class='ocrx_word' id='word_1_144' title='bbox 568 2989 702 3077; x_wconf 83' lang='grc' dir='ltr'><em>ἔχοντα</em></span> <span class='ocrx_word' id='word_1_145' title='bbox 721 3014 815 3060; x_wconf 86' lang='grc' dir='ltr'><em>κατα</em></span> <span class='ocrx_word' id='word_1_146' title='bbox 838 2987 974 3076; x_wconf 65' lang='grc' dir='ltr'><em>στῆθος</em></span> <span class='ocrx_word' id='word_1_147' title='bbox 998 3011 1097 3083; x_wconf 89' lang='grc' dir='ltr'><em>παρα</em></span> <span class='ocrx_word' id='word_1_148' title='bbox 1090 2980 1252 3084; x_wconf 75' lang='grc' dir='ltr'><em>δειρήν,</em></span> 
     </span>
     <span class='ocr_line' id='line_1_24' title="bbox 238 3083 552 3168; baseline -0.007 -6"><span class='ocrx_word' id='word_1_149' title='bbox 238 3083 449 3168; x_wconf 75' lang='grc' dir='ltr'><em>ιδνοιθεὶς</em></span> <span class='ocrx_word' id='word_1_150' title='bbox 427 3087 552 3161; x_wconf 83' lang='grc' dir='ltr'><em>οπέσω</em></span> 
     </span>
    </p>
   </div>
   <div class='ocr_carea' id='block_1_8' title="bbox 135 3259 1255 3871">
    <p class='ocr_par' dir='ltr' id='par_1_8' title="bbox 135 3259 1255 3871">
     <span class='ocr_line' id='line_1_25' title="bbox 136 3259 1253 3350; baseline -0.004 -20"><span class='ocrx_word' id='word_1_151' title='bbox 136 3262 189 3330; x_wconf 85' lang='lat' dir='ltr'><strong>lta</strong></span> <span class='ocrx_word' id='word_1_152' title='bbox 204 3269 382 3332; x_wconf 85' lang='lat' dir='ltr'><strong>accentum</strong></span> <span class='ocrx_word' id='word_1_153' title='bbox 397 3259 588 3327; x_wconf 79' lang='lat' dir='ltr'><strong>scribebant</strong></span> <span class='ocrx_word' id='word_1_154' title='bbox 600 3259 823 3350; x_wconf 82' lang='lat' dir='ltr'><strong>grammatici,</strong></span> <span class='ocrx_word' id='word_1_155' title='bbox 850 3280 892 3325; x_wconf 92' lang='lat' dir='ltr'><strong>eo</strong></span> <span class='ocrx_word' id='word_1_156' title='bbox 908 3259 986 3344; x_wconf 88' lang='lat' dir='ltr'><strong>fine,</strong></span> <span class='ocrx_word' id='word_1_157' title='bbox 1012 3269 1050 3327; x_wconf 91' lang='lat' dir='ltr'><strong>ut</strong></span> <span class='ocrx_word' id='word_1_158' title='bbox 1063 3280 1253 3349; x_wconf 91' lang='lat' dir='ltr'><strong>pronomen</strong></span> 
     </span>
     <span class='ocr_line' id='line_1_26' title="bbox 137 3356 1252 3457; baseline -0.004 -23"><span class='ocrx_word' id='word_1_159' title='bbox 137 3389 157 3434; x_wconf 92' lang='lat' dir='ltr'><strong>e</strong></span> <span class='ocrx_word' id='word_1_160' title='bbox 181 3365 362 3457; x_wconf 82' lang='lat' dir='ltr'><strong>participio</strong></span> <span class='ocrx_word' id='word_1_161' title='bbox 385 3360 537 3453; x_wconf 89' lang='lat' dir='ltr'><strong>pendere</strong></span> <span class='ocrx_word' id='word_1_162' title='bbox 561 3383 601 3430; x_wconf 92' lang='lat' dir='ltr'><strong>ac</strong></span> <span class='ocrx_word' id='word_1_163' title='bbox 622 3360 667 3429; x_wconf 92' lang='lat' dir='ltr'><strong>de</strong></span> <span class='ocrx_word' id='word_1_164' title='bbox 688 3360 837 3428; x_wconf 87' lang='lat' dir='ltr'><strong>dracone</strong></span> <span class='ocrx_word' id='word_1_165' title='bbox 853 3356 1088 3451; x_wconf 91' lang='lat' dir='ltr'><strong>accipiendum</strong></span> <span class='ocrx_word' id='word_1_166' title='bbox 1112 3385 1181 3430; x_wconf 87' lang='lat' dir='ltr'><strong>esse</strong></span> <span class='ocrx_word' id='word_1_167' title='bbox 1198 3363 1252 3452; x_wconf 90' lang='lat' dir='ltr'><strong>in·</strong></span> 
     </span>
     <span class='ocr_line' id='line_1_27' title="bbox 135 3460 1252 3560; baseline -0.003 -25"><span class='ocrx_word' id='word_1_168' title='bbox 135 3468 363 3560; x_wconf 79' lang='lat' dir='ltr'><strong>telligeretur:</strong></span> <span class='ocrx_word' id='word_1_169' title='bbox 395 3465 510 3533; x_wconf 88' lang='lat' dir='ltr'><strong>droco</strong></span> <span class='ocrx_word' id='word_1_170' title='bbox 531 3465 729 3533; x_wconf 82' lang='lat' dir='ltr'><strong>vulneravit</strong></span> <span class='ocrx_word' id='word_1_171' title='bbox 750 3465 926 3558; x_wconf 79' lang='lat' dir='ltr'><strong>aquilam,</strong></span> <span class='ocrx_word' id='word_1_172' title='bbox 961 3488 987 3534; x_wconf 87' lang='grc' dir='ltr'><em>α</em></span> <span class='ocrx_word' id='word_1_173' title='bbox 1004 3460 1084 3556; x_wconf 69' lang='lat' dir='ltr'><strong>&#39;quan</strong></span> <span class='ocrx_word' id='word_1_174' title='bbox 1104 3466 1180 3556; x_wconf 83' lang='lat' dir='ltr'><strong>ipse</strong></span> <span class='ocrx_word' id='word_1_175' title='bbox 1200 3462 1252 3533; x_wconf 76' lang='grc' dir='ltr'><em>ιε’-</em></span> 
     </span>
     <span class='ocr_line' id='line_1_28' title="bbox 136 3562 1255 3659; baseline -0.003 -22"><span class='ocrx_word' id='word_1_176' title='bbox 136 3569 308 3639; x_wconf 76' lang='lat' dir='ltr'><strong>tuebatur:</strong></span> <span class='ocrx_word' id='word_1_177' title='bbox 331 3569 411 3636; x_wconf 87' lang='lat' dir='ltr'><strong>vide</strong></span> <span class='ocrx_word' id='word_1_178' title='bbox 432 3567 552 3635; x_wconf 90' lang='lat' dir='ltr'><strong>Wolfii</strong></span> <span class='ocrx_word' id='word_1_179' title='bbox 570 3568 817 3659; x_wconf 82' lang='lat' dir='ltr'><strong>praefationem</strong></span> <span class='ocrx_word' id='word_1_180' title='bbox 837 3590 878 3657; x_wconf 91' lang='lat' dir='ltr'><strong>p.·</strong></span> <span class='ocrx_word' id='word_1_181' title='bbox 891 3562 952 3634; x_wconf 81' lang='lat'><strong>5⁰.</strong></span> <span class='ocrx_word' id='word_1_182' title='bbox 1003 3571 1050 3636; x_wconf 90' lang='lat' dir='ltr'><strong>At</strong></span> <span class='ocrx_word' id='word_1_183' title='bbox 1063 3568 1133 3636; x_wconf 95' lang='lat' dir='ltr'><strong>hoc</strong></span> <span class='ocrx_word' id='word_1_184' title='bbox 1151 3577 1255 3658; x_wconf 88' lang='lat' dir='ltr'><strong>poeta</strong></span> 
     </span>
     <span class='ocr_line' id='line_1_29' title="bbox 136 3664 1255 3765; baseline -0.004 -23"><span class='ocrx_word' id='word_1_185' title='bbox 136 3676 186 3743; x_wconf 88' lang='lat' dir='ltr'><strong>sic</strong></span> <span class='ocrx_word' id='word_1_186' title='bbox 198 3675 321 3765; x_wconf 90' lang='lat' dir='ltr'><strong>opinor</strong></span> <span class='ocrx_word' id='word_1_187' title='bbox 342 3671 490 3740; x_wconf 90' lang='lat' dir='ltr'><strong>dictums</strong></span> <span class='ocrx_word' id='word_1_188' title='bbox 501 3671 632 3756; x_wconf 86' lang='lat' dir='ltr'><strong>fuisset,</strong></span> <span class='ocrx_word' id='word_1_189' title='bbox 658 3664 771 3764; x_wconf 81' lang='grc' dir='ltr'><em>κόψεν</em></span> <span class='ocrx_word' id='word_1_190' title='bbox 797 3673 928 3762; x_wconf 82' lang='grc' dir='ltr'><em>ἔχοντα</em></span> <span class='ocrx_word' id='word_1_191' title='bbox 945 3670 963 3742; x_wconf 79' lang='grc' dir='ltr'><strong>ἓ</strong></span> <span class='ocrx_word' id='word_1_192' title='bbox 981 3665 1108 3759; x_wconf 77' lang='grc' dir='ltr'><em>αὐτόν,</em></span> <span class='ocrx_word' id='word_1_193' title='bbox 1135 3694 1255 3762; x_wconf 89' lang='lat' dir='ltr'><strong>quem·</strong></span> 
     </span>
     <span class='ocr_line' id='line_1_30' title="bbox 136 3772 781 3871; baseline -0.009 -24"><span class='ocrx_word' id='word_1_194' title='bbox 136 3772 326 3847; x_wconf 81' lang='lat' dir='ltr'><strong>admodum</strong></span> <span class='ocrx_word' id='word_1_195' title='bbox 341 3775 491 3865; x_wconf 91' lang='lat' dir='ltr'><strong>loquitur</strong></span> <span class='ocrx_word' id='word_1_196' title='bbox 507 3773 628 3866; x_wconf 81' lang='lat' dir='ltr'><strong>Odyss.</strong></span> <span class='ocrx_word' id='word_1_197' title='bbox 645 3800 677 3871; x_wconf 88' lang='grc' dir='ltr'><strong>ρ.</strong></span> <span class='ocrx_word' id='word_1_198' title='bbox 694 3773 781 3842; x_wconf 77' lang='grc' dir='ltr'><strong>38λ.</strong></span> 
     </span>
    </p>
   </div>
   <div class='ocr_carea' id='block_1_9' title="bbox 240 3936 1387 4042">
    <p class='ocr_par' dir='ltr' id='par_1_9' title="bbox 240 3936 1387 4042">
     <span class='ocr_line' id='line_1_31' title="bbox 240 3936 1387 4042; baseline -0.006 -21"><span class='ocrx_word' id='word_1_199' title='bbox 240 3941 385 4038; x_wconf 85' lang='grc' dir='ltr'><em>πτωχόν</em></span> <span class='ocrx_word' id='word_1_200' title='bbox 406 3943 444 4022; x_wconf 84' lang='grc' dir='ltr'><strong>δ’</strong></span> <span class='ocrx_word' id='word_1_201' title='bbox 466 3941 530 4020; x_wconf 83' lang='grc' dir='ltr'><strong>σόν</strong></span> <span class='ocrx_word' id='word_1_202' title='bbox 552 3944 598 4021; x_wconf 81' lang='grc' dir='ltr'><strong>ἄν</strong></span> <span class='ocrx_word' id='word_1_203' title='bbox 614 3970 668 4029; x_wconf 79' lang='grc' dir='ltr'><em>τις</em></span> <span class='ocrx_word' id='word_1_204' title='bbox 687 3946 830 4035; x_wconf 82' lang='grc' dir='ltr'><em>καλέοι,</em></span> <span class='ocrx_word' id='word_1_205' title='bbox 857 3939 1036 4042; x_wconf 77' lang='grc' dir='ltr'><em>τρύξοντα</em></span> <span class='ocrx_word' id='word_1_206' title='bbox 1057 3941 1076 4016; x_wconf 79' lang='grc' dir='ltr'><strong>’ἐ</strong></span> <span class='ocrx_word' id='word_1_207' title='bbox 1101 3936 1228 4016; x_wconf 67' lang='grc' dir='ltr'><em>αὐτόν.</em></span> <span class='ocrx_word' id='word_1_208' title='bbox 1267 3942 1272 3947; x_wconf 73' lang='grc'><strong>’</strong></span> <span class='ocrx_word' id='word_1_209' title='bbox 1384 4032 1387 4041; x_wconf 32' lang='lat'><strong><em>¹</em></strong></span> 
     </span>
    </p>
   </div>
   <div class='ocr_carea' id='block_1_10' title="bbox 139 4104 1259 4417">
    <p class='ocr_par' dir='ltr' id='par_1_10' title="bbox 139 4104 1259 4417">
     <span class='ocr_line' id='line_1_32' title="bbox 139 4104 1258 4209; baseline -0.006 -22"><span class='ocrx_word' id='word_1_210' title='bbox 139 4118 246 4203; x_wconf 82' lang='lat' dir='ltr'><strong>Quod</strong></span> <span class='ocrx_word' id='word_1_211' title='bbox 260 4143 367 4209; x_wconf 91' lang='lat' dir='ltr'><strong>quum</strong></span> <span class='ocrx_word' id='word_1_212' title='bbox 383 4104 451 4188; x_wconf 88' lang='lat' dir='ltr'><strong>uon</strong></span> <span class='ocrx_word' id='word_1_213' title='bbox 466 4119 601 4204; x_wconf 85' lang='lat' dir='ltr'><strong>fecerit,</strong></span> <span class='ocrx_word' id='word_1_214' title='bbox 627 4111 742 4192; x_wconf 77' lang='grc' dir='ltr'><em>αὐτόν</em></span> <span class='ocrx_word' id='word_1_215' title='bbox 754 4128 848 4188; x_wconf 85' lang='lat' dir='ltr'><strong>recto</strong></span> <span class='ocrx_word' id='word_1_216' title='bbox 865 4104 1005 4186; x_wconf 86' lang='lat' dir='ltr'><strong>accentu</strong></span> <span class='ocrx_word' id='word_1_217' title='bbox 1025 4138 1107 4200; x_wconf 84' lang='lat' dir='ltr'><strong>esse,</strong></span> <span class='ocrx_word' id='word_1_218' title='bbox 1132 4115 1258 4205; x_wconf 86' lang='lat' dir='ltr'><strong>ipsam-</strong></span> 
     </span>
     <span class='ocr_line' id='line_1_33' title="bbox 139 4217 1259 4312; baseline -0.005 -22"><span class='ocrx_word' id='word_1_219' title='bbox 139 4246 208 4311; x_wconf 91' lang='lat' dir='ltr'><strong>que</strong></span> <span class='ocrx_word' id='word_1_220' title='bbox 226 4226 392 4312; x_wconf 82' lang='lat' dir='ltr'><strong>aquilam,</strong></span> <span class='ocrx_word' id='word_1_221' title='bbox 419 4245 506 4312; x_wconf 93' lang='lat' dir='ltr'><strong>quae</strong></span> <span class='ocrx_word' id='word_1_222' title='bbox 528 4221 711 4291; x_wconf 88' lang='lat' dir='ltr'><strong>draconem</strong></span> <span class='ocrx_word' id='word_1_223' title='bbox 731 4223 877 4304; x_wconf 88' lang='lat' dir='ltr'><strong>tenebat,</strong></span> <span class='ocrx_word' id='word_1_224' title='bbox 903 4217 1045 4310; x_wconf 83' lang='lat' dir='ltr'><strong>intelligi</strong></span> <span class='ocrx_word' id='word_1_225' title='bbox 1059 4219 1184 4286; x_wconf 89' lang='lat' dir='ltr'><strong>debere</strong></span> <span class='ocrx_word' id='word_1_226' title='bbox 1203 4241 1259 4284; x_wconf 90' lang='lat' dir='ltr'><strong>ar-</strong></span> 
     </span>
     <span class='ocr_line' id='line_1_34' title="bbox 142 4319 1258 4417; baseline -0.006 -23"><span class='ocrx_word' id='word_1_227' title='bbox 142 4327 260 4395; x_wconf 86' lang='lat' dir='ltr'><strong>bitror.</strong></span> <span class='ocrx_word' id='word_1_228' title='bbox 312 4330 426 4417; x_wconf 82' lang='lat' dir='ltr'><strong>Atque</strong></span> <span class='ocrx_word' id='word_1_229' title='bbox 442 4335 480 4395; x_wconf 92' lang='lat' dir='ltr'><strong>ut</strong></span> <span class='ocrx_word' id='word_1_230' title='bbox 492 4325 551 4398; x_wconf 90' lang='lat' dir='ltr'><strong>hic</strong></span> <span class='ocrx_word' id='word_1_231' title='bbox 569 4319 682 4400; x_wconf 75' lang='grc' dir='ltr'><em>αὐτόν</em></span> <span class='ocrx_word' id='word_1_232' title='bbox 699 4328 830 4417; x_wconf 82' lang='grc' dir='ltr'><em>ἔχοντα</em></span> <span class='ocrx_word' id='word_1_233' title='bbox 846 4323 946 4408; x_wconf 82' lang='lat' dir='ltr'><strong>dicit,</strong></span> <span class='ocrx_word' id='word_1_234' title='bbox 972 4322 1067 4413; x_wconf 87' lang='lat' dir='ltr'><strong>quod</strong></span> <span class='ocrx_word' id='word_1_235' title='bbox 1092 4322 1258 4391; x_wconf 88' lang='lat' dir='ltr'><strong>recentio-</strong></span> 
     </span>
    </p>
   </div>
   <div class='ocr_carea' id='block_1_11' title="bbox 0 0 1421 4904">
    <p class='ocr_par' dir='ltr' id='par_1_11' title="bbox 0 0 1421 4904">
     <span class='ocr_line' id='line_1_35' title="bbox 0 0 1421 4904; baseline 0 0"><span class='ocrx_word' id='word_1_236' title='bbox 0 0 1421 4904; x_wconf 95' lang='lat' dir='ltr'><strong> </strong></span> 
     </span>
    </p>
   </div>
  </div>
 </body>
</html>
