2826 4904
462 318 513 381 IN
533 318 728 384 GRAECA
747 321 938 387 nuovo.
1190 329 1257 395 2³1

138 509 230 574 rem,
254 488 288 560 εἰ
298 489 388 561 nibil
407 489 531 562 iudicii
545 492 732 580 Ιισθενωπ,
758 482 816 564 aut
830 494 927 588 qnod
940 496 1256 570 mmamtadiaam

138 589 267 662 buteo.
316 595 444 664 Contra
458 596 680 689 Sophocles
670 622 706 667 m
719 598 908 670 'l'raohiniis
927 625 958 670 v.
977 597 1065 669 592.

244 728 330 806 o'tt
347 732 481 806 ειδέναι
500 759 567 829 χρη
595 731 799 856 έριιῖσαν.ε
771 761 816 815 ως
831 730 913 808 orid
927 764 958 808 ει
951 738 1091 818 ’δοκεῖς

244 835 357 925 ἔχειν,
385 836 478 925 ἔχοις
494 834 541 907 ἂν
562 835 708 929 γνῶμα,
733 861 785 933 μη
802 840 1013 937 πειρωμεΗνη

138 969 249 1040 Hie
223 992 252 1038 ει
271 970 422 1059 dixisset,
447 999 516 1092 μη
522 968 566 1046 ου’
588 973 814 1069 πειρωμένη,
840 971 911 1044 hoo
928 975 1163 1068 significasset:
1187 997 1257 1045 noa

140 1095 323 1166 cognocar
332 1096 428 1161 rem,
448 1075 516 1144 πιέἱ
531 1074 950 1170 eapmtmerrtomfaoiaa.
998 1079 1098 1146 Nunc
1110 1105 1162 1174 μη
1180 1104 1257 1151 πει·

139 1178 282 1294 ρωμένη
297 1177 428 1263 dicens,
454 1177 524 1247 hoe
542 1181 631 1246 vult:
653 1183 730 1246 ‘rem
745 1200 814 1246 παπ
837 1200 1035 1271 cognoscas
1049 1181 1081 1250 ω’
1099 1202 1168 1249 παπ
1183 1178 1257 1272 so·

140 1279 216 1347 αὶαε
231 1281 517 1372 experimontum.
567 1280 705 1349 Dixerat
728 1281 817 1348 enirn
833 1281 1009 1369 Deianira,
1035 1277 1201 1402 πιέραδ
1211 1277 1257 1356 οὐ

138 1379 393 1480 προςωμέληρα
421 1409 488 1456 πω.
539 1384 618 1452 Non
648 1394 739 1454 recte
766 1406 852 1476 ergo
868 1383 1100 1454 Schaeferus
1089 1409 1125 1454 m
1141 1384 1258 1453 Mele-
1363 1404 1369 1411 ·

138 1491 219 1551 tem.
237 1487 309 1554 crit.
333 1509 370 1608 p.
385 1483 446 1554 57.
467 1486 555 1554 istud
570 1513 621 1582 μη
642 1489 844 1585 πειρωμένη
857 1489 1066 1557 tantumdem
1087 1511 1158 1556 esse
1176 1486 1258 1556 dicit

109 1649 113 1655 .
140 1592 292 1681 atque’
260 1616 290 1661 ει
304 1615 355 1686 μη
371 1616 516 1685 πειρηιο.
569 1589 679 1657 lmmo
699 1589 793 1657 idem
808 1599 857 1658 eet
870 1589 1011 1678 quod*
986 1615 1136 1684 απειρος
1153 1586 1258 1679 οὖσα,

139 1690 247 1759 vel’
212 1718 243 1764 ει
258 1687 303 1764 ον’
319 1692 443 1790 πειρᾷ,
468 1702 506 1761 ut
525 1691 618 1784 apud
635 1693 824 1760 Homerum
850 1693 946 1806 Iliad.
968 1691 1091 1759 XXIV.
1119 1688 1206 1760 296.

238 1821 273 1899 ἐι
267 1828 340 1900 δέ
359 1854 420 1900 τοι
436 1856 481 1901 ον
472 1821 694 1901 ’διέσειὲον
701 1825 852 1920 ἄγγελον
868 1820 1029 1925 εὐρύοπα
1050 1821 1151 1908 Ζεύς
1242 1878 1245 1882 ·

138 1960 187 2030 Vt
214 1961 425 2083 Sophocles,
450 1966 498 2031 ita
524 1962 757 2033 Plutarchus
747 1987 782 2030 ιιι
803 1965 898 2033 initio
911 1964 1006 2049 libri,
1033 1988 1102 2055 quo
1118 1964 1258 2054 quaerit,

138 2065 315 2154 quomodo
332 2068 405 2156 quis
423 2090 499 2136 suos
518 2069 553 2135 in
567 2071 688 2137 virtute
708 2091 905 2159 progressus
920 2070 1114 2159 sentiat‚p.
1136 2066 1196 2136 75.
1213 2067 1257 2134 Β.
1370 2124 1373 2128 .

138 2181 420 2237 commemoratus
441 2172 500 2239 ille
521 2172 642 2238 eadem
658 2173 786 2262 pagina
810 2195 831 2236 a
853 2170 1057 2237 Schaefero.
1084 2167 1168 2242 οὐδε
1185 2164 1256 2263 yda

138 2269 187 2342 ἄν
211 2275 249 2342 ἐν
263 2279 448 2392 μουσικοῖς
467 2301 523 2352 τις
539 2272 562 2366 ἦ
574 2299 689 2390 ηραμρ
674 2298 842 2362 ματικοις
855 2265 1036 2350 ἐπιδιδοιις
1050 2271 1175 2370 γνοίη,
1188 2297 1259 2367 μη·

140 2373 236 2445 δὲν’
218 2399 257 2444 εν
268 2401 320 2466 τῳ
306 2369 543 2464 μανθάνειν
558 2371 754 2500 α’παρύτων
767 2375 830 2470 τῆς
849 2399 932 2496 περι
946 2374 1067 2446 ταῦτα
1082 2369 1259 2465 ἀμαθίας,

140 2471 251 2549 ἀλλ’
239 2480 315 2572 ι’σης
332 2472 434 2569 αὐτην
447 2477 510 2596 της
525 2472 691 2565 ἀτεχνίας
709 2471 765 2546 οἷει
784 2472 983 2573 παρούσης·
1004 2471 1087 2547 οὐδὲ
1102 2469 1258 2566 ιιοῖμνον·

140 2606 179 2650 τι
201 2576 403 2672 θεραπεία,
429 2606 480 2675 μη
505 2579 662 2702 πριοῦσα
684 2575 891 2704 ρ’ᾳσηωνην,
924 2578 1013 2704 μηδὲ
1037 2570 1257 2701 ιιονφισμόη,

140 2677 351 2772 α’μωςμέπως
371 2684 441 2753 τοῦ
457 2675 663 2777 νοσήματος
686 2679 894 2760 ὑπείκοντος
915 2709 974 2752 και
967 2679 1238 2769 χαλῶντος
1194 2707 1258 2751 αι-

140 2781 321 2878 σθησιν
296 2809 343 2855 αν
363 2788 517 2877 παρέχοι
541 2783 739 2904 διαφορᾶς,
766 2808 849 2879 πριν
866 2783 1041 2905 εἰλικρινῆ
1069 2809 1136 2900 την
1154 2783 1257 2854 ἔναν-

139 2884 223 2957 τέαν
239 2891 311 2966 ἕξιν
326 2889 535 2978 ἐγγενέσθαι
550 2911 800 2969 πανταπασιν,
826 2887 896 2957 τοῦ
911 2880 1078 2977 σώματος
1093 2881 1254 3006 αναῤῥω-
1240 2900 1325 2962 -231

141 2988 302 3068 σθένεος.
353 2990 422 3057 Ηίο
448 2998 485 3056 nt
509 2987 691 3086 θεραπεία
721 3015 773 3079 μη
808 2989 964 3060 ποιοῦσα
991 2981 1177 3085 ρᾳστωνην
1208 2996 1257 3055 est

140 3090 277 3158 curario
297 3091 384 3159 nibil
404 3093 563 3160 allevans
584 3098 790 3182 aegrotum,
824 3092 871 3159 sic
897 3092 998 3158 etiam
1029 3090 1064 3155 in
1090 3090 1260 3181 prioribus

137 3194 269 3277 verbis,
303 3194 414 3290 μηδὲν
439 3188 635 3289 ἀπαρύτων
658 3192 721 3278 τῆς
745 3188 910 3283 α’μαθιάς
927 3215 995 3260 non
1018 3200 1066 3258 est
1091 3193 1159 3259 nini
1182 3191 1260 3280 quio

139 3295 277 3386 aliquid
293 3296 340 3363 de
357 3297 495 3363 inscitia
517 3317 585 3362 εαα
606 3293 779 3382 deponat,
806 3293 901 3381 qnod
925 3292 1108 3360 dicendum
1133 3293 1264 3385 fuisset,

137 3425 189 3493 μη
213 3394 485 3492 οὐιοὶπαρέτων
500 3424 558 3483 τι,
586 3395 691 3463 seder
711 3415 780 3460 non
804 3396 960 3484 deponat
983 3380 1129 3486 aliquid
1155 3395 1258 3463 Euri-

136 3501 235 3594 pidm
253 3492 391 3569 Heracl.
417 3499 503 3568 283.
523 3499 652 3566 ibidem
671 3496 789 3565 allatus
805 3520 826 3564 a
843 3495 1049 3566 Schaefero:

240 3665 360 3759 ματην
381 3630 451 3765 ηρὲρ
472 3633 562 3735 ἥβην
587 3630 716 3708 ωδέ’
676 3663 698 3757 η
739 3633 786 3707 tr
805 3630 1040 3731 νεντςέμεθα,

239 3734 418 3838 πολλην
401 3768 440 3814 εν
460 3738 611 3836 Αργει,
637 3732 690 3832 μή
713 3764 753 3810 σε
769 3765 1049 3836 τιμωρονμενοι.

134 3876 215 3945 Νοιι
236 3877 304 3946 nisi
330 3886 365 3945 te
381 3878 607 3969 puniremus,
638 3873 700 3942 sed
722 3874 754 3942 εἰ
784 3882 819 3943 te
846 3899 915 3944 ποπ
931 3874 1149 3968 ponamus.
1176 3873 1278 3946 Ka-'

134 3973 326 4072 κτώμεθα,
352 3981 459 4049 modo
485 3981 556 4048 iota
576 3978 817 4063 subscribatur,
851 3980 984 4047 videtur
1007 3975 1147 4045 defendi
1175 3997 1241 4065 pos

134 4105 173 4152 se
189 4082 240 4174 ¹¹¹).
266 4082 356 4153 Vide
369 4082 584 4153 Eustathium
599 4082 645 4148 ad
659 4082 763 4149 Hom.
786 4105 822 4173 p.
840 4078 960 4168 1305,
977 4079 1040 4149 48.
1056 4076 1170 4162 1332,
1197 4075 1248 4146 19

135 4239 341 4257 m-

176 4302 209 4380 *)
222 4303 266 4362 Da
286 4303 335 4363 bit
357 4303 476 4379 formio,
497 4321 573 4382 quae
593 4300 644 4362 hic
673 4310 922 4364 commemoratae
942 4309 1029 4380 aunt,
1055 4299 1187 4362 videnda
1215 4309 1261 4361 ert

216 4391 341 4474 Hnnm.
368 4390 435 4464 On.
462 4390 489 4464 1,
1063 4388 1098 4473 Q
1134 4422 1137 4426 ·
