2826 4904
182 309 247 374 140
534 300 934 364 ousaavfflouus

182 476 298 569 naeus]
314 478 349 547 iu
371 497 413 546 eo
434 473 561 567 positus
576 483 642 559 est,
667 475 777 563 quod,
803 475 830 542 si
850 473 1001 564 singulae
1022 475 1156 544 vocales
1173 476 1294 546 ordine

181 580 457 672 pronunciantur,
486 600 555 645 non
577 586 653 645 ante
674 578 800 645 vocalis
828 604 854 648 ω
864 631 878 664 ,
913 599 1000 664 quae
1024 580 1142 646 ultima
1164 590 1233 664 est,
1259 582 1295 648 in

181 685 284 751 finem
297 703 409 751 versus
423 681 557 765 incidit,
582 703 685 769 quam
701 682 846 748 inversu
862 680 1023 771 septimo,
1048 683 1070 751 i.
1086 706 1116 755 e.
1136 684 1293 751 omnibus

182 786 315 854 vocalib
337 808 355 851 s
372 783 553 853 duodecies
566 783 723 872 repetitis.
772 783 812 849 ln
832 780 886 849 his
906 793 1035 872 septem
1050 786 1203 853 versibus
1222 784 1293 855 hoc

181 911 318 1008 quoque
337 886 486 955 notabile
510 895 572 970 est,
599 885 694 973 quod
715 884 825 952 nullus
846 906 908 975 pes
927 885 1037 952 eidem
1054 887 1137 978 pedi
1158 888 1193 954 in
1213 891 1294 956 reli-

181 992 255 1081 quis
276 991 423 1059 versibus
447 989 560 1056 similis
588 997 653 1075 est,
699 997 732 1054 et
764 996 1049 1076 quotumcunque
1076 990 1204 1080 pedem
1230 1014 1294 1082 per

181 1117 298 1163 ornnes
317 1101 447 1184 septem
464 1114 575 1159 versus
596 1089 843 1175 consideres,
833 1113 868 1157 ιιι
886 1114 928 1157 eo
944 1113 1060 1158 omnes
1080 1103 1211 1183 septem
1231 1116 1293 1161 vo-

182 1197 273 1268 cales
290 1198 343 1263 bis
361 1196 504 1285 scriptae
516 1194 735 1285 reperiuntur.
786 1193 826 1259 ln
844 1194 906 1260 ista
919 1195 1112 1262 recitatione
1128 1218 1190 1264 cur
1204 1196 1294 1267 dicat

181 1299 373 1369 Athenaeo
393 1296 646 1421 distinguendas
670 1319 741 1363 esse
764 1318 944 1387 personas,
971 1304 1029 1368 ἵνα
1055 1294 1167 1383 droti
1180 1292 1291 1394 ποιή-

183 1427 313 1481 σαντος
330 1395 515 1496 ὑπόκρισις
530 1393 682 1518 (ια’ζηται
702 1424 796 1470 κατα
815 1392 884 1493 τήν
908 1393 1083 1492 δύναμιν,
1109 1423 1199 1470 nunc
1222 1401 1293 1469 cla-

181 1527 257 1572 rum
274 1514 332 1571 est.
384 1504 473 1571 Nam
489 1502 549 1570 etsi
557 1503 758 1592 plerumque
771 1502 870 1570 facile
885 1512 951 1586 est,
976 1502 1010 1568 ὶιι
1022 1503 1203 1571 recitandis
1221 1504 1294 1574 col-

72 1639 79 1645 ·
173 1604 374 1696 -loquiis,s1
395 1602 653 1700 παραγραφαί,
677 1604 699 1670 i.
725 1625 754 1668 e.
776 1613 875 1671 notae
894 1627 1134 1695 personarum,
1168 1607 1296 1675 adscri-

180 1720 262 1802 ptae
284 1717 378 1792 sunt,
405 1707 609 1797 distinguere
628 1730 673 1797 pe
709 1716 781 1779 ‘sel
806 1746 809 1751 -
840 1716 889 1774 est
908 1717 1021 1775 tamen
1043 1706 1113 1776 hoc
1132 1709 1296 1778 difficilli-

181 1836 294 1895 mum,
323 1811 383 1878 ubi
395 1809 547 1900 singulae
563 1831 686 1900 person
710 1810 891 1901 =·.·»rrgulas
904 1811 1038 1899 syllaba
1064 1812 1295 1901 pronunciant.

183 1916 297 2001 Quare
327 1911 421 2002 quod
444 1912 527 1980 dicit
552 1912 745 1980 Athenaeus
768 1905 864 1989 κατα
890 1906 958 2008 τήν
986 1907 1160 2004 δύναμιν,
1202 1915 1296 2003 quod

183 2018 277 2086 aliter·
319 2017 433 2105 inepte
476 2013 676 2101 addidisset,
713 2015 899 2083 necessario
942 2016 1170 2086 adiiciendum
1215 2026 1293 2086 erat.

184 2119 306 2190 Obiter
333 2118 564 2200 observamus,
607 2139 695 2205 quae
715 2115 851 2206 Alpha,
884 2119 1059 2208 magistra,
1093 2119 1187 2209 apud
1214 2120 1295 2189 cal-

105 2271 108 2277 ·
182 2224 265 2291 liam
279 2222 323 2290 de
336 2223 398 2289 ista
413 2219 608 2289 recitatione
621 2218 831 2310 praecipiens
844 2218 938 2304 dicit,
963 2221 1023 2293 καὶ
1040 2221 1152 2294 τοῦτο
1169 2217 1294 2311 λέξασ’,

183 2322 264 2399 εἶτα
285 2316 329 2421 δή
354 2323 470 2418 σαυτῇ
495 2315 595 2395 λάλει
605 2377 620 2410 ,
660 2322 713 2390 his
736 2323 845 2390 verbis
872 2325 1002 2391 moneri
1033 2324 1209 2410 mulieres,
1260 2335 1297 2393 ut

182 2436 321 2519 peracta
349 2426 543 2495 recitatione
573 2447 686 2494 secum
712 2425 948 2511 recordentur,
988 2449 1075 2514 quae
1108 2426 1294 2495 didicerint.

183 2533 271 2599 Nam
286 2528 405 2623 ἑαυτῷ
419 2532 539 2600 λαλεῖν
555 2526 600 2593 de
621 2529 660 2594 iis
685 2528 832 2612 dicitur,
848 2529 905 2617 qui
919 2548 1036 2596 secum¹
1047 2530 1176 2617 aliquid
1192 2553 1294 2622 repu-

63 2630 65 2635 ’
182 2644 273 2720 tan,
298 2629 337 2700 ut
358 2629 452 2722 apud
471 2628 659 2700 Lucienum
670 2630 706 2697 in
721 2629 858 2721 Scytha.
876 2629 910 2698 6.
927 2632 971 2700 Τ.
985 2632 1013 2698 1.
1028 2655 1064 2724 p.
1083 2631 1169 2700 866.

284 2790 601 2896 Progrediornuno
623 2803 668 2871 ad
691 2802 851 2888 chorum,
878 2805 936 2892 qui
957 2812 1027 2871 erat
1043 2805 1078 2871 in
1094 2803 1224 2873 Calliae
1244 2806 1297 2873 fa-

182 2908 272 2978 bula.
334 2908 404 2992 Qui
424 2905 548 2976 chorus
572 2929 644 3007 non
659 2907 786 3002 notuit,
817 2917 854 2974 ut
876 2908 1078 2996 quibusdam
1101 2908 1209 2975 visum
1238 2917 1296 2994 est,

182 3027 270 3129 βῆτ’
288 3028 386 3124 ἄλφα
401 3037 474 3123 βα,
499 3027 629 3126 βῆτ’Ι
640 3039 727 3125 βε,
755 3041 789 3100 'e't
807 3032 1010 3151 sicreliqua,
1033 3054 1167 3150 canere.
1209 3033 1296 3150 Nam

182 3239 246 3307 bus
268 3216 458 3337 prodeunt,
495 3237 669 3326 quomodo
694 3238 850 3325 tandem,
882 3237 977 3327 quod
1006 3237 1133 3304 factum
1158 3246 1295 3305 testatur

183 3340 395 3426 AthenaeuS,
422 3363 537 3409 omnes
556 3342 716 3432 strophae
735 3342 857 3410 eodem
879 3349 987 3408 nretro
1009 3340 1161 3424 fuissent,
1192 3361 1296 3429 quum

182 3444 312 3511 litterae
335 3453 374 3530 ζ,
400 3451 418 3523 ξ
426 3497 440 3530 ,
466 3465 496 3539 ψ
521 3446 666 3534 produci
685 3447 853 3536 postulent
869 3444 1028 3533 syllabas,
1054 3465 1135 3532 quas
1148 3445 1299 3531 reliquae

185 3547 309 3637 corripi
330 3544 470 3614 iubent?
502 3547 577 3615 Vna
599 3557 725 3616 tantum
740 3548 825 3615 ratio
841 3557 928 3632 erat,
955 3569 1022 3634 qua
1042 3554 1150 3613 metra
1171 3547 1299 3634 ubique

176 3649 363 3740 ‚exaequari
379 3657 552 3740 poterant,
584 3674 611 3717 sr
600 3646 767 3719 'vocales
790 3673 891 3734 sono,
926 3673 994 3716 non
1015 3648 1256 3732 nominibus,
1247 3670 1294 3714 ιιι-
1313 3638 1319 3646 ’

184 3773 392 3857 dicerentur,
417 3773 522 3842 veluti
539 3769 626 3869 ,daia
645 3805 669 3846 α
689 3781 755 3868 βα,
782 3771 868 3867 βῆτ’
891 3801 923 3846 et
941 3781 1010 3867 βα
1064 3774 1172 3842 Sed
1147 3796 1194 3841 sic
1212 3794 1299 3861 quo-

117 3888 140 3937 ’,
183 3900 250 3967 que
277 3898 390 3943 versus
416 3877 609 3943 exstitissent
640 3878 836 3968 turpissimi,
876 3900 985 3965 neque
1018 3876 1216 3943 Athenaeus
1246 3874 1298 3942 bis

184 3978 337 4061 dixisset,
375 3977 469 4045 idem
497 4003 568 4047 esse
591 3981 771 4048 metrum
762 4004 797 4046 ln
823 3979 968 4068 strophis
997 3981 1169 4063 omnibus,
1205 3978 1232 4045 si
1263 3975 1299 4043 id

183 4091 304 4173 sponte
325 4081 495 4171 patuisset.
546 4081 690 4150 Accedit
707 4081 801 4170 quod
816 4083 965 4171 syllabae
979 4089 1029 4175 βα
1036 4136 1050 4169 ,
1077 4089 1141 4176 βε,
1169 4091 1204 4148 et
1219 4080 1299 4147 reli-

136 4206 273 4272 14quae
292 4184 477 4275 inprimae
499 4191 627 4251 tantum
645 4185 806 4276 strophae
822 4187 1026 4275 expositione
1046 4185 1199 4252 adiectae
1214 4191 1299 4266 sunt,

184 4309 252 4355 non
273 4285 373 4354 etiam
400 4286 435 4354 in
456 4286 632 4358 secundae.
689 4288 804 4373 Quare
830 4289 892 4358 has
922 4290 1066 4377 syllabas
1096 4289 1139 4356 ab
1161 4287 1299 4356 librario
