2826 4904
200 323 265 387 ιω
442 360 447 369 .
595 316 917 397 nrssnnrunro

202 491 389 566 Schaefero
412 515 480 562 uon
492 492 713 584 improbante.
763 489 964 563 Plutarchus
980 491 1138 583 quidem,
1164 512 1234 580 quo
1251 512 1313 559 au-

203 607 296 669 ctore
315 597 417 664 utitur
432 596 608 687 Turpius,
640 595 740 681 dixit,
774 596 823 663 uti
847 597 994 664 debebat
1021 589 1094 669 ν’πό
1127 588 1174 669 τό
1207 587 1312 667 αὐτό.

154 703 197 766 tr
205 700 299 786 Quid
320 720 411 770 vero
420 697 491 770 hoc
511 697 557 765 ad
577 697 798 790 Longinum?
827 698 897 769 Hic
918 696 1014 772 ltu.
1034 696 1316 788 quum-celebra-

200 805 359 879 tissimum
378 801 465 877 illud
476 800 668 922 Sapphus
664 823 799 871 carmen
819 801 996 887 attul'uset,
1028 801 1074 868 ita
1102 799 1234 892 pergit.
1267 794 1313 873 ov'

201 899 422 999 θαυμάζεις,
459 901 504 985 or‘c
530 899 594 976 ὑπ’
622 898 715 978 αὐτό
735 931 802 993 την
823 898 978 1024 ψυχήν,
995 929 1039 975 νο
1084 903 1207 996 σῶμα,
1247 895 1314 981 τοῖς

202 1002 332 1097 ἁιιοιῖς,
350 1033 440 1130 την
468 1006 652 1100 γλῶσσαν,
684 1033 750 1087 νας
773 1003 897 1100 ὄψεις,
930 1032 999 1101 την
1024 997 1160 1101 χρόαν,
1197 997 1316 1076 πάνθ

203 1109 248 1193 oio
272 1102 445 1205 ἀλλότρια
475 1103 685 1201 διοιχόμενα
707 1112 883 1205 ἐπιζητεῖς
908 1107 1035 1177 Mirum
1055 1130 1154 1192 vero,
1188 1105 1316 1175 doctis-

202 1215 302 1282 simos
319 1211 473 1280 homines
493 1232 562 1279 non
590 1211 726 1295 vidisse,
752 1211 946 1304 Longinum
968 1211 1028 1280 hic
1048 1233 1097 1285 ne
1107 1209 1224 1278 addito
1242 1231 1319 1297 qm
1320 1216 1324 1220 ’

203 1317 283 1384 dem
300 1314 486 1384 articulo
463 1335 510 1382 suc
532 1312 627 1401 loqui
644 1313 801 1404 potuisse.
852 1314 940 1383 Nam
961 1336 1040 1382 sane
1058 1306 1131 1385 rico
1154 1304 1200 1386 νό
1223 1304 1318 1385 αὐτο

204 1427 254 1487 est
275 1416 339 1487 sod
362 1417 459 1485 idem
483 1423 638 1507 ternpus:
663 1426 698 1484 at
720 1415 791 1486 hoc
818 1416 956 1487 Graecis
970 1415 1165 1504 Latinisque
1181 1436 1250 1484 non
1272 1413 1318 1482 de

203 1521 242 1588 iis
264 1522 383 1605 rebus,
415 1542 503 1609 quae
523 1541 592 1585 uno
623 1518 814 1607 eodemque
835 1520 997 1612 temporis
1023 1528 1195 1587 momento
1220 1519 1318 1602 liunt,

205 1624 266 1692 sed
288 1621 404 1692 dehis
428 1631 623 1713 usurpatur,
649 1645 736 1711 quae
758 1621 889 1692 circiter
909 1624 944 1691 in
966 1622 1059 1689 idem
1078 1631 1212 1713 tempus
1231 1620 1319 1689 iuci-

206 1727 306 1811 dunt‚
331 1749 395 1796 uec
411 1726 518 1817 longo
540 1725 715 1792 intervallo
732 1724 865 1792 distant.
899 1726 958 1793 -ld
973 1747 1053 1793 vero
1072 1724 1116 1791 de
1136 1722 1205 1809 his,
1232 1744 1321 1813 quae

206 1831 280 1920 quis
300 1829 419 1921 paucis
441 1828 589 1896 versibus
607 1829 806 1920 complexus
826 1837 894 1912 est,
919 1818 1120 1918 ineptissime
1143 1827 1320 1895 diceretur.

205 1934 373 2000 Nimirum
400 1926 548 2020 Longini
573 1931 653 2000 loco
676 1931 775 1998 satius
804 1938 851 1999 est
874 1933 1056 2014 abstinere,
1091 1929 1168 2018 qni,
1200 1937 1239 1998 ut
1257 1929 1321 1997 uli-

205 2045 291 2124 quot
313 2034 369 2102 alii
386 2034 421 2101 in
439 2033 512 2125 hoc
529 2033 692 2122 scriptore
707 2033 794 2118 loci,
818 2034 993 2103 meliorem
1011 2032 1166 2104 codicem
1183 2031 1322 2100 deside-

204 2148 266 2206 ret.
316 2135 457 2226 Aliquid
481 2146 594 2204 tamen
623 2136 658 2203 in
679 2137 733 2206 his
753 2137 899 2204 tenebris
917 2147 955 2206 ut
975 2133 1321 2225 certumdeprehen-

206 2242 293 2309 disse
315 2240 400 2308 milri
413 2238 541 2308 videor.
568 2240 656 2310 Nam
672 2263 759 2331 quoe
781 2239 814 2306 in
838 2238 917 2310 edd.
935 2239 1144 2332 praecedunt
1157 2237 1321 2331 Sapphus

205 2346 329 2429 verba,

373 2439 464 2537 oillei
483 2445 556 2518 noio
581 2440 789 2537 τολματόν,
817 2442 892 2517 ἐπεὶ
909 2446 1068 2542 πένητα,

207 2549 280 2641 quis
301 2547 419 2619 credat
442 2557 498 2616 aut
522 2572 542 2615 a
565 2549 697 2639 poetria
719 2550 767 2619 sic
789 2547 912 2637 scripta
935 2572 1025 2635 esse,
1061 2571 1166 2638 quum
1191 2547 1321 2617 facilius

206 2654 273 2722 alia
295 2653 408 2720 omnia
425 2653 458 2719 in
485 2652 548 2720 isto
574 2652 736 2738 camnine,
771 2672 873 2741 quam
893 2652 1078 2741 quidquam
1106 2651 1151 2719 de
1172 2673 1322 2742 pauper·
1368 2665 1369 2668 ’

206 2765 274 2823 tate
296 2756 362 2824 dici
380 2755 547 2844 potuerit,
574 2762 632 2821 aut
649 2755 844 2847 Longinum
866 2753 918 2823 his
935 2756 1059 2840 verbis,
1084 2777 1172 2843 quae
1185 2755 1321 2822 minime

207 2858 253 2926 ad
276 2858 331 2941 id,
367 2857 413 2923 de
443 2879 512 2944 quo
541 2857 669 2947 agitur,
709 2860 891 2949 pertinent,
926 2859 1094 2926 finiturum
1118 2856 1192 2924 hos
1211 2879 1321 2924 versus

207 2960 324 3043 fuisse,
358 2966 392 3024 et
414 2958 552 3045 quidem
573 2961 717 3049 abrupta
735 2960 850 3028 media
874 2961 1048 3029 oratione?
1080 2962 1134 3029 Ac
1158 2960 1323 3028 librorum

207 3061 311 3130 MSS.
335 3060 456 3146 lectio,
496 3083 583 3149 quae
604 3060 692 3131 haec
713 3063 798 3129 lere
823 3070 888 3146 est,
922 3058 1015 3136 α’λλιῖ
1036 3062 1110 3136 uoto
1135 3057 1322 3154 νολμιιτόν

208 3164 284 3238 ἐπεὶ
307 3163 365 3234 καὶ
381 3164 516 3259 πένητα
539 3160 582 3234 οὐ
606 3158 808 3256 θανιιιῖζοις
828 3163 873 3244 οἱς
904 3163 967 3237 ὑπ’
996 3159 1108 3254 αὐτό,
1140 3166 1216 3234 satis
1240 3165 1322 3233 mihi

206 3267 338 3335 videtur
351 3267 514 3357 prodere,
539 3266 628 3336 haec
650 3268 761 3336 omnia
776 3267 938 3357 Sapphus
959 3271 1174 3352 verbosam,
1199 3268 1323 3358 inqui-
1391 3320 1393 3329 ,

72 3390 75 3396 ·
207 3372 271 3438 bus
292 3371 430 3457 quidem
452 3369 496 3438 de
518 3394 598 3439 vera
619 3372 763 3440 lectione
787 3371 873 3438 nihil
891 3371 951 3438 nisi
974 3371 1052 3444 douai
1076 3397 1114 3443 ιιι
1132 3382 1167 3438 et
1184 3371 1323 3461 partici-

207 3474 303 3564 pium
333 3467 566 3564 θαυμάζωσι
596 3474 735 3564 agnosci
767 3482 889 3564 potest.
945 3476 1024 3540 Non
1053 3474 1162 3566 magis
1191 3475 1228 3541 in
1258 3474 1323 3541 alio

208 3575 356 3666 Longini
377 3575 486 3659 looo‚-
508 3576 584 3643 Xll.
606 3575 641 3642 4
664 3577 758 3644 Μοιί
781 3586 815 3644 et
842 3576 979 3645 Weiskii
999 3578 1103 3667 patris
1123 3579 1325 3668 interpreta-

206 3680 333 3747 tionem
346 3675 524 3767 ΡιοΙιοι’
503 3707 522 3750 o
550 3679 588 3750 δὲ
608 3681 794 3774 Κικέρων,
822 3706 866 3758 ως
881 3673 1094 3774 ἀμφιλαφής
1113 3706 1169 3759 τις
1181 3684 1324 3802 ἐμπρη-

208 3774 317 3873 σμός,
346 3777 472 3873 οἶιιαι,
499 3773 617 3905 πάντῃ
637 3782 788 3874 νέμεται
803 3809 863 3854 aaa
856 3778 1117 3865 domiciaco,
1125 3776 1258 3854 πολιν”
1236 3807 1324 3872 exau

207 3910 268 3956 ιιαι
282 3881 456 3976 ἐπίμονον
472 3878 531 3956 αεί
544 3876 591 3957 ro*
603 3910 724 3963 ναιον,
752 3911 810 3956 και
804 3879 1252 4008 διαιληρονομοιιμινον
1256 3882 1323 3956 αλ-
1339 3904 1341 3908 ’

208 3981 293 4060 λον
314 3982 514 4065 α’λλοίωςέν
532 3981 656 4105 αὐτῷ,
682 4015 741 4059 ναι
763 4014 858 4058 saro
850 3979 1087 4075 διαδοχας’
1063 3981 1324 4083 ανατρεφόμι-
1354 4078 1358 4086 ,

159 4097 204 4160 72
213 4114 289 4161 νον
349 4089 419 4157 Hic
441 4089 532 4155 illi’
514 4117 552 4161 εν
576 4117 672 4182 αυιῳ
660 4088 882 4180 significare
904 4089 1056 4180 putant
1043 4111 1079 4157 ιιι
1098 4085 1224 4157 eodan
1239 4091 1323 4158 loco.

209 4190 258 4257 At
272 4188 353 4278 hoc,
371 4214 391 4258 a
414 4202 525 4260 mente
540 4192 709 4283 scriptoris
728 4193 874 4260 ahenum
881 4201 945 4281 ,est
997 4193 1071 4262 Nec
1085 4192 1172 4259 lilius
1184 4191 1327 4260 Weisldi

210 4292 459 4386 remexpediit.
518 4293 610 4364 Mihi
631 4295 770 4384 quidem
789 4296 921 4374 videtur
947 4293 1131 4366 difficultas
1151 4296 1327 4393 interpun-
