2826 4904
204 329 268 392 roe
428 312 488 405 οε,
505 323 689 386 uuu11>s1
715 322 771 385 ur
799 274 1082 391 ruuoulsuo

204 494 309 565 modo
328 491 399 565 hoe
419 496 547 567 factum
570 497 629 582 sit,
653 517 721 563 non
743 493 886 586 ellipsis,
912 516 1028 562 verum
1051 493 1159 561 multo
1176 494 1317 586 planior

203 599 289 667 ratio
310 621 381 668 sese
403 599 533 668 offeret.
592 599 690 668 Initio
719 598 808 668 enim
832 596 920 664 haec
943 618 1079 685 quoqne
1102 599 1317 689 pronomina,

203 703 253 770 uti
267 701 446 788 debebant,
460 724 551 773 cum
566 703 669 772 verbo
683 701 972 773 construebantur:
996 709 1033 767 ut
1046 699 1143 767 Iliad.
1159 701 1221 769 111.
1230 699 1316 768 lte.

304 831 397 912 a'ttd
414 831 504 932 τοίγ’
522 834 587 912 οιίκ
604 840 787 931 ἐγένοντο·
813 829 861 909 τό
874 833 932 907 καί
945 833 1118 908 κλαίουσα
1133 838 1281 934 τέτηκα

201 973 240 1043 id
267 981 332 1058 est,
365 996 472 1066 quom
506 996 576 1067 ego
603 996 681 1043 rem
701 971 835 1071 deflens
857 969 1073 1043 contabesco.
1134 972 1316 1065 Euripides

202 1077 238 1145 in
252 1075 381 1146 Phoen
402 1075 488 1145 268.

136 1182 200 1248 tro
304 1173 355 1254 τοί
373 1179 441 1273 μέν
455 1180 626 1276 πυλωρῷν
642 1171 793 1274 κλεῖδροί
805 1172 852 1269 μ’
874 1178 1055 1258 ἐξεδέξατο

304 1278 355 1355 δι’
379 1277 581 1369 εὐπετείας,
607 1281 752 1370 τειχέων
768 1280 834 1353 ἔσω
850 1283 992 1371 μολεῖν
1089 1328 1094 1339 ·

305 1383 399 1460 ὅκαί
416 1385 578 1478 δέδοικα,
608 1376 660 1479 μή
678 1409 726 1472 με
745 1375 896 1454 δικτύων
915 1382 983 1455 ἔσω

302 1479 494 1580 λαβόντες,
522 1482 570 1581 οόὁ
588 1480 729 1576 μεθοῖό
756 1480 981 1574 ἀναίμακτον
1001 1476 1106 1578 χρόα.

199 1621 325 1708 idest,
352 1621 447 1714 quod
463 1643 529 1711 ego
541 1628 676 1704 metuo,
701 1619 805 1707 idque
820 1620 888 1686 iam
913 1617 1114 1707 explicatur,
1140 1616 1244 1706 quale
1264 1617 1311 1701 sit,

199 1724 410 1815 sequentibus
427 1725 545 1793 verbis.
596 1721 798 1792 Huiusmodi
817 1721 921 1812 igitur
943 1720 1227 1789 constructionum
1245 1721 1311 1788 fre-

199 1829 315 1916 quenti
335 1850 397 1895 usu
422 1827 496 1894 fieri
524 1832 592 1894 uon
618 1826 745 1916 potuit,
795 1825 876 1912 quin
903 1841 1091 1914 pronomen
1119 1822 1313 1913 simpliciter

199 1951 314 2022 quare
325 1930 381 1996 vel
394 1936 592 2022 propterea
604 1929 795 2019 significare
813 1928 988 2017 inciperet.
1039 1926 1130 1994 Hinc
1148 1927 1251 1995 etiam
1267 1924 1312 1994 ibi

198 2033 352 2122 usurpari
369 2032 503 2121 coepit,
528 2031 587 2098 ubi
604 2032 746 2098 verbum
765 2052 844 2098 cum
865 2052 907 2098 eo
930 2052 998 2097 non
1017 2038 1133 2120 posset
1154 2028 1311 2100 construi:

198 2143 237 2205 ut
259 2134 353 2225 apud
375 2133 608 2220 Theocritum,
633 2129 727 2202 XIV.
753 2131 788 2200 3.

777 2229 888 2306 ταῦτ’
912 2231 985 2328 ἄρα
1005 2226 1147 2321 λεπτός,

298 2333 350 2429 χαί
367 2332 509 2433 μόσταξ
529 2330 779 2427 πολόςοότος,
806 2333 1002 2410 odoratior
1026 2362 1068 2408 τε
1099 2335 1263 2437 κίκιννοι.ὃ
1293 2432 1299 2445 .

195 2475 318 2567 inquo
340 2475 420 2545 loco
437 2470 641 2547 υίόσταλεόι
663 2472 877 2542 scribendum
901 2471 984 2540 vidit
1006 2471 1169 2564 egregiae
1192 2471 1312 2540 indolis

195 2579 341 2663 iuvenis,
366 2579 541 2670 Augustus
556 2575 788 2644 Ferdinandus
802 2574 958 2643 Naekius.

298 2679 495 2765 Caeterum,
521 2678 617 2767 quod
638 2678 674 2745 in
692 2678 766 2747 aliis
786 2678 955 2768 ellipsium
977 2675 1158 2767 generibus
1183 2676 1312 2746 factum

195 2781 361 2867 vidimus,
383 2772 424 2849 ht
446 2781 546 2850 etiarn
568 2780 668 2848 alieni
691 2781 748 2849 vel
774 2781 923 2873 corrupti
942 2780 1011 2848 loci
1032 2779 1078 2846 ad
1100 2802 1156 2846 eas
1180 2779 1317 2875 ellipse-s

193 2884 336 2953 tuendas
357 2882 612 2970 adhiberentur,
645 2882 681 2950 id
696 2884 731 2950 in
750 2883 821 2953 hoe
856 2904 993 2972 quoque
1024 2904 1152 2974 genere
1183 2881 1312 2950 factum

196 2994 256 3055 est
307 2985 421 3054 vnum
442 3008 483 3053 ex
507 2984 560 3052 his
581 2985 682 3070 locis,
709 2988 769 3075 qui
792 2984 974 3076 Sophoclis
988 2993 1038 3052 est
1059 2985 1093 3050 iu
1107 2984 1313 3070 Philocteta,

161 3124 164 3129 ⁴
195 3109 232 3180 p.
254 3085 341 3160 ill.
365 3111 385 3156 e
406 3087 496 3155 mala
516 3086 668 3155 Triclinii
689 3088 924 3156 emendatione
939 3088 1095 3172 allatum,
1120 3078 1189 3154 iam
1212 3111 1314 3181 supra

196 3191 426 3285 explicuimus.
477 3190 698 3283 lnEuripidis
721 3190 837 3287 lphig.
857 3191 936 3264 Aul
959 3186 1044 3258 235.
1061 3214 1098 3284 p.
1121 3187 1210 3258 ule.
1312 3212 1320 3223 ’

359 3317 419 3400 καί
442 3328 546 3423 κέρας
566 3326 635 3419 μέν
657 3322 704 3424 ἦν

361 3422 479 3510 δεξιόν
493 3423 630 3511 πλότας
646 3430 735 3520 ἔχων

361 3523 551 3612 Φθιώτας,
592 3530 613 3604 o‘
642 3525 895 3629 Μυρμιδόνων
915 3523 1066 3631 Ἀρηςμ

197 3666 386 3759 Musgravii
411 3666 657 3757 interpretatio,
691 3660 829 3747 πλάτας
855 3692 920 3760 pro
941 3666 1129 3737 accusativo
1146 3664 1313 3751 habentis,

135 3786 193 3849 m
201 3771 308 3839 multo
330 3778 421 3839 certe
446 3770 642 3861 impeditior
666 3778 735 3857 est,
775 3792 877 3859 quam
901 3771 1063 3855 aliorum,
1099 3770 1159 3860 qui
1175 3765 1329 3849 πλυίτας.

196 3872 382 3967 genitivum
402 3895 473 3941 esse
496 3880 625 3965 putant.
676 3872 771 3957 Quos
792 3874 820 3940 si
845 3884 1000 3963 sequutus
1020 3881 1122 3958 esset,
1149 3871 1312 3964 Musgra-

195 3978 286 4061 vius,
310 3998 421 4064 neque
440 3976 474 4041 iu
497 3976 653 4066 Supplic.
676 3972 762 4043 659.
790 3971 906 4058 δεξιόν
927 3977 1168 4069 τεταγμένους
1191 3976 1309 4070 κέρας,

68 4135 71 4139 .
196 4099 306 4167 neque
327 4079 363 4145 in
385 4077 561 4147 Heraclid
584 4076 672 4145 672.
693 4070 799 4172 λαιόν
814 4084 959 4176 ἕστηκεν
972 4080 1076 4174 κέρας
1094 4100 1160 4170 per
1175 4076 1310 4166 ellipsin

197 4181 452 4274 praepositionis
467 4180 689 4270 explicuisset,
707 4178 774 4247 sed
787 4183 891 4250 verba
907 4182 1148 4274 τεταγμένους
1162 4186 1196 4248 et
1211 4183 1310 4274 έστη-

197 4311 257 4358 κεν
276 4304 348 4378 [ποἱ
361 4284 504 4378 simplici
519 4285 622 4355 verbo
642 4285 736 4376 ἔχειν
757 4283 894 4357 vidisset
915 4284 1026 4378 posita
1040 4306 1121 4353 esse.
1173 4281 1310 4368 Similis,
