2826 4904
106 386 109 395 ‚
161 295 255 374 ’π
522 300 1020 367 connnrrarro

209 477 386 565 transitur,
410 477 449 546 id
467 476 563 568 quod
580 477 655 569 ipsa
675 479 858 547 verborum
873 475 1072 569 significatio
1084 473 1219 560 suadet,
1235 473 1332 544 acci·

210 584 374 677 piendum
395 605 465 651 esse
486 590 614 672 putem.
666 582 814 667 Quodsi
830 581 922 672 quis,
947 589 984 648 ut
999 603 1101 670 supra
1114 601 1331 648 commemo·

210 695 322 756 ratum
335 693 404 770 ost,
429 683 649 753 mutationem
664 685 742 777 gyri
756 693 889 776 partem
905 705 976 750 esse
996 685 1099 781 πέδης
1114 692 1266 765 censeat,
1293 682 1332 750 iu
1349 730 1353 737 ·

212 797 378 882 promptu
395 795 444 856 est
458 789 561 873 ratio,
586 810 655 877 qua
676 789 880 859 contrarium
894 786 1001 855 evinci
1020 786 1138 877 possit
1188 786 1277 854 Nam
1291 795 1332 853 ut

132 902 136 911 '
210 891 306 985 apud
327 912 389 959 nos
405 891 441 958 in
461 890 663 981 quibusdam
684 890 810 962 scholis
833 889 1039 980 equestribus
1058 889 1148 958 haec
1173 896 1223 956 est
1242 909 1331 956 con·

210 993 374 1081 suetudo,
399 1002 438 1063 ut
455 994 575 1064 dextro
593 1015 681 1087 gyro
703 1004 845 1087 peracto
872 993 1087 1078 consistatur,
1128 1012 1199 1080 quo
1219 1013 1330 1080 equus

209 1099 316 1192 possit
338 1099 504 1188 respirare
534 1104 569 1166 et
591 1099 821 1187 requiescere,
854 1104 1062 1165 tumentem
1086 1094 1214 1163 sinistro
1236 1116 1329 1186 gyro

209 1200 433 1295 procedatur:
465 1199 589 1270 eodem
608 1202 714 1271 modo
732 1202 835 1270 'etiain
858 1200 984 1269 Graeci
1003 1199 1158 1268 videntur
1183 1206 1330 1289 peracto

209 1305 339 1374 sinistro
360 1327 460 1375 cursu
483 1304 681 1392 constitisse,
705 1304 803 1391 inde,
828 1326 935 1395 pausa
954 1303 1067 1386 facta,
1101 1301 1147 1369 ad
1171 1301 1330 1370 dextrum

210 1408 397 1478 accessisse.
447 1406 547 1478 Licet
565 1407 637 1476 hoc
657 1430 864 1501 cognoscere
886 1403 1165 1497 eXenophonte,
1190 1405 1251 1493 qui
1264 1404 1327 1473 lx

210 1509 246 1579 6.
261 1511 308 1578 ita
320 1510 453 1579 scribit·
476 1510 538 1582 ναὶ
552 1517 643 1583 αἵτε
655 1509 805 1641 μακραὶ
809 1507 1122 1605 ἑλάσειςμᾶλλονῆ
1137 1512 1177 1580 αἱ
1191 1505 1328 1580 πυκναὶ

186 1609 446 1710 »ἀποστροφαὶ
460 1606 664 1708 πραΰνουσι
680 1640 767 1694 τους
785 1618 924 1694 ἵππους.
975 1613 1065 1680 Nam
1079 1613 1208 1697 ἔλασις,
1233 1632 1326 1699 quae

208 1717 303 1807 apud
325 1737 387 1784 nos
408 1715 531 1784 duntur
541 1737 696 1811 reprrse,
729 1738 864 1785 cursum
888 1715 1057 1808 significat
1075 1713 1272 1783 continuum
1286 1721 1326 1781 ct

206 1819 304 1888 nulla
322 1840 428 1908 pausa
447 1817 647 1888 distinctum,
708 1819 842 1887 Deinde
865 1818 1001 1888 alterius
1027 1810 1177 1897 ἑλασεως
1194 1816 1327 1884 initium

206 1928 348 1990 vocatur
363 1915 580 2038 απσστρσφή
585 1974 600 2011 ,
624 1922 673 1989 ita
685 1930 723 1990 ut
737 1921 808 1992 hoc
821 1943 946 1991 nomen
962 1921 1064 1990 etiam
1080 1919 1243 1993 ἔλασιν
1218 1918 1326 2011 signi-

206 2024 313 2094 ficare
332 2022 455 2113 possit,
487 2023 594 2092 modo
615 2046 660 2093 ue
682 2025 727 2092 de
746 2026 859 2115 prima
883 2018 1005 2097 ἐλάσει
1030 2023 1169 2091 dicatur.
1225 2021 1326 2091 Male

208 2127 298 2198 enim
319 2124 390 2196 hoc
409 2126 615 2196 vocabulum
636 2126 681 2194 ab
693 2127 948 2219 interpretibus,
973 2127 1124 2216 iniisque
1144 2123 1324 2211 aSturzio,

207 2229 254 2300 dc
270 2229 360 2299 flexu
371 2229 580 2300 intellectum
596 2252 678 2319 esse,
690 2239 789 2356 patet
803 2253 845 2299 ex
859 2231 993 2298 duobus
1008 2229 1185 2297 aliislocis·
1209 2226 1323 2302 11L5.

207 2336 267 2407 dai
282 2360 324 2427 γι
342 2357 417 2429 μην
431 2334 566 2407 εἰδέναι
581 2332 641 2406 ιιαι
666 2361 697 2406 ει
690 2330 864 2429 testate
878 2360 928 2414 εις
936 2358 1046 2424 ταχος
1060 2325 1323 2424 αναλαμβανι-

204 2459 271 2508 ται
294 2439 333 2509 ἐν
344 2440 504 2567 piparas}
537 2434 598 2508 καὶ
624 2461 657 2511 σι
650 2431 978 2531 ἀναστρέφσσθαι
992 2435 1122 2509 σθέλιι.
1173 2435 1222 2502 Et
1245 2435 1322 2504 vlt

204 2535 267 2607 18.
292 2537 353 2612 ααι
369 2543 407 2611 ἐκ
431 2537 503 2612 τοῦ
521 2531 673 2611 ἑστάναι
693 2538 732 2610 δὲ
754 2540 967 2633 στριψαννα
987 2539 1045 2610 δεῖ
1061 2522 1211 2611 πάλιν
1189 2561 1322 2634 σρμαν.

204 2639 356 2725 Quod
330 2663 359 2708 ιι
379 2662 486 2730 pausa
505 2640 596 2709 facta
616 2640 661 2706 ab
674 2639 773 2707 laeva
788 2639 835 2707 ad
849 2640 1001 2708 dextram
1013 2639 1070 2707 vel
1084 2641 1128 2707 ab
1140 2639 1260 2708 dextra
1277 2640 1323 2709 ud

93 2762 104 2783 ··
202 2743 337 2811 laevam
352 2742 487 2810 transiri
509 2742 660 2826 solebat,
684 2742 827 2810 mutatio
845 2743 924 2833 gyri
947 2743 982 2811 in
1001 2743 1117 2811 medio
1138 2765 1238 2814 cursu
1252 2766 1324 2813 uon

203 2842 397 2938 pertinebat
426 2845 473 2913 ad
495 2845 614 2942 πέδην
672 2843 744 2913 Sed
765 2845 935 2934 reliquum
954 2855 1057 2915 estut
1078 2845 1252 2917 videamus
1268 2871 1321 2934 ea,

202 2971 293 3038 quae
314 2948 360 3016 de
378 2946 448 3017 hac
470 2948 548 3040 gyri
567 2948 754 3016 mutatione
769 2948 947 3040 praedicat
966 2950 1171 3040 Xenophon.
1228 2945 1323 3032 Τούς

120 3127 127 3137 „
201 3078 244 3146 γε
255 3076 331 3149 μην
343 3049 629 3149 ἑνερογνιδδοας,
654 3050 778 3142 inquit,
803 3045 934 3148 μηνύει
947 3053 1017 3145 μὲν
1031 3053 1091 3126 ναὶ
1106 3080 1129 3150 η
1120 3051 1234 3177 πέδη
1247 3080 1319 3126 να-

202 3154 408 3283 ioope'rp
382 3151 560 3227 ιππασία·
596 3149 690 3228 notai
711 3153 750 3228 δι’
771 3154 912 3247 μᾶλλον
933 3154 993 3228 καὶ
1019 3184 1064 3230 το
1056 3148 1319 3249 μεταβάλλε-

204 3266 297 3331 σθαι
311 3284 381 3355 νην
393 3255 580 3331 ἱππασίαν.
634 3259 734 3356 Πιδη
749 3259 838 3327 eninr
855 3259 913 3348 qui
927 3259 1005 3348 equi
1024 3261 1131 3327 altera
1140 3268 1239 3349 parte
1253 3257 1320 3327 du·

202 3359 307 3428 riores
319 3360 385 3429 sint
398 3383 440 3428 eo
457 3368 635 3448 monstrat,
662 3362 757 3451 quod
772 3383 862 3432 nunc
875 3361 920 3430 ad
936 3364 1079 3448 laevam,
1104 3383 1205 3447 nuno,
1229 3385 1320 3453 pau-

202 3484 241 3531 sa
245 3461 365 3553 facta,
390 3463 436 3529 ad
451 3464 603 3533 dextram
619 3464 810 3535 fleetuntur.
861 3465 1007 3534 Mutatio
1024 3466 1102 3558 gyri
1123 3465 1184 3534 etsi
1201 3474 1321 3534 natura

201 3587 263 3635 suo
275 3563 363 3633 nihil
377 3573 427 3634 est
440 3564 533 3634 aliud
553 3587 656 3656 quam
675 3567 780 3637 flexus
795 3569 855 3658 qui
872 3570 945 3636 est·
934 3592 970 3636 m
989 3569 1134 3660 simplici
1150 3590 1256 3660 gyro,
1281 3577 1321 3635 ut

201 3692 271 3740 non
284 3668 437 3739 videatur
449 3669 560 3760 magis
571 3692 641 3738 esse
660 3670 802 3740 idoneus
815 3695 919 3777 quam
931 3672 1020 3769 πέδη
1034 3672 1079 3742 ad
1097 3694 1134 3740 os
1155 3672 1237 3760 equi
1256 3694 1321 3742 co-

202 3771 455 3866 gnoscendum,
480 3780 611 3858 tamen,
638 3773 665 3841 si
679 3775 757 3842 est
747 3797 783 3843 ιιι
795 3768 907 3867 gradu
931 3775 1065 3860 tolutili,
1081 3776 1250 3844 verissima
1268 3783 1320 3844 est

201 3875 440 3968 Xenophontis
462 3876 632 3944 sententia.
656 3880 745 3946 Nam
760 3880 839 3968 equi
851 3879 1030 3966 quoniam,
1054 3901 1160 3970 quum
1183 3878 1320 3946 tolutim

202 4001 306 4071 gyrus
329 3988 491 4066 mutatur,
525 3980 656 4071 pedum
675 3981 896 4051 alternatione
912 3981 1020 4068 facta,
1046 3981 1196 4075 rapidius
1210 3983 1320 4050 solent

202 4091 304 4170 atque
331 4081 470 4154 effusius
494 4102 646 4167 currere,
683 4081 756 4153 hoc
789 4084 923 4154 facilius
951 4087 1123 4178 explorari
1140 4108 1179 4154 os
1198 4108 1319 4154 eorum

201 4192 330 4277 potest,
359 4207 431 4276 quo
450 4186 560 4279 magis
575 4185 761 4285 cohibendi
777 4195 812 4256 et
826 4189 992 4259 retinendi
1006 4200 1089 4259 sunt
1141 4191 1258 4278 Atque
1272 4189 1318 4258 de

202 4309 292 4382 gyro
314 4287 447 4361 tolutim
477 4289 641 4364 mutando
660 4291 757 4384 loqui
778 4291 1061 4388 Xenophontem,
1098 4315 1140 4364 ex
1160 4294 1198 4363 iis
1227 4316 1318 4384 quae
