2826 4904
277 1117 356 1206 on
388 1114 683 1206 nannum
716 1110 1268 1257 comcosnumrco.

663 1345 861 1361 μ*-

212 1472 355 1557 Fqn'rtota
370 1471 412 1534 od
427 1469 497 1535 Otr.
516 1468 557 1531 Ι).
574 1467 736 1547 Beotium,
758 1468 845 1534 edito
860 1475 893 1534 tn
910 1473 1145 1535 Commentariis
1159 1469 1330 1537 secerne

408 1555 613 1640 portetogr'oae
628 1560 685 1620 vot.
702 1557 825 1640 Lport.
843 1556 886 1620 II.
897 1582 931 1643 p.
945 1563 1018 1625 245.
1035 1578 1119 1639 seqq.

684 1745 850 1768 ..ι-..ὴ-

211 1806 360 1972 Quum
374 1892 510 1975 gratum
523 1884 586 1953 tibi
602 1882 676 1955 lore
692 1888 907 1980 significares,
932 1882 1052 1970 Becki,
1077 1881 1119 1953 V.
1135 1879 1186 1966 0.,
1202 1879 1327 1970 siquid

211 2006 279 2074 ego
300 2008 436 2076 quoque
448 1990 693 2057 commentariis
709 1992 875 2060 societatis
888 1988 1122 2080 philologicae
1136 1987 1326 2067 insererem,

210 2090 381 2179 spopondi
394 2114 450 2158 me
465 2091 725 2180 descriptionem
738 2095 837 2162 lexici
846 2094 971 2162 Graeci
985 2090 1075 2174 MS„
1090 2088 1184 2179 quod
1200 2108 1325 2177 magno

209 2190 394 2261 litterarum
410 2194 636 2264 emolumento
654 2196 780 2266 editum
795 2198 835 2264 iri
855 2217 1038 2287 speramus,
1051 2193 1098 2260 ad
1106 2203 1141 2261 te
1152 2191 1326 2259 missurum

176 2373 181 2377 ,
209 2315 292 2361 esse.
342 2297 412 2364 Sed
428 2320 532 2385 quum
548 2310 707 2367 non'sane
727 2325 804 2369 mea
818 2301 920 2390 culpa
934 2301 970 2367 in
982 2298 1052 2366 dies
1067 2296 1156 2364 hanc
1171 2317 1245 2361 rem
1258 2292 1326 2360 dif-

209 2395 298 2464 ferre
313 2419 466 2491 cogerer,
479 2402 629 2487 verebar,
645 2427 688 2472 ne
705 2404 800 2471 nimis
815 2400 1005 2472 cunctando
1021 2409 1078 2467 aut
1089 2397 1325 2488 negligentior,

209 2510 277 2586 aut,
303 2502 398 2589 quod
411 2504 583 2577 molestius
600 2506 699 2573 etiam
712 2505 848 2590 serrem,
871 2499 993 2595 parum
1006 2502 1174 2570 officiosus
1192 2499 1255 2566 tibi
1275 2499 1325 2567 vi·

209 2602 318 2671 deret.
370 2605 515 2672 Decrevi
536 2606 659 2694 igitur,
687 2610 814 2674 interea
837 2607 919 2673 dum
933 2605 1022 2671 illius
1034 2601 1248 2670 exhibendae
1265 2600 1325 2668 de·

210 2706 395 2795 scriptionis
419 2706 505 2774 mihi
530 2709 631 2795 copia
648 2709 763 2791 fieret,
791 2709 855 2776 alia
874 2709 945 2791 via,
971 2728 1077 2795 eaque
1098 2703 1206 2794 magis
1225 2706 1324 2771 etiam

211 2830 289 2877 cum
302 2808 416 2875 studiis
433 2809 597 2876 societatis
612 2809 847 2902 philologicae
863 2810 1055 2898 coniuncta,
1075 2830 1198 2875 nomen
1212 2829 1325 2873 meum

209 2911 390 2977 exsolvere.
442 2911 575 2979 Etenim
589 2937 691 3003 quem
707 2913 967 2997 Eichstaedtiu5‚
992 2913 1034 2980 V.
1049 2911 1113 2988 cl,
1126 2932 1230 2998 quum
1243 2908 1325 3000 phi·
1402 2911 1403 2915 ’

135 3046 138 3059 ,
209 3012 382 3105 lologicae
410 3015 574 3082 societatis
600 3017 723 3084 sodalis
744 3027 845 3102 esset,
872 3017 916 3084 de
938 3016 1089 3082 dramate
1114 3014 1325 3081 Graecorum

209 3118 484 3206 comicosatyrico
506 3117 662 3187 libellum
685 3119 800 3206 edidit,
825 3123 860 3188 in
878 3142 919 3188 eo
934 3119 1052 3186 libello
1068 3140 1173 3206 quum
1187 3138 1226 3182 ea
1241 3115 1323 3204 ipsa,

208 3243 296 3308 quae
318 3221 477 3312 primaria
493 3230 591 3308 sunt,
616 3223 734 3292 drama
754 3223 1065 3312 comicosatyricum
1087 3231 1119 3287 et
1136 3217 1324 3286 emendatio

207 3323 474 3415 fragmentorum
489 3325 672 3415 Lytiersae,
685 3328 837 3418 plurimis
856 3327 940 3394 mihi
954 3326 1145 3394 viderentur
1156 3321 1323 3389 maximis-

208 3450 276 3517 que
291 3428 435 3494 obnoxia
453 3450 523 3495 esse
537 3429 814 3515 dubitationibuS‚
842 3427 1127 3520 operaepretium
1142 3448 1197 3492 me
1214 3422 1325 3492 existi-

207 3532 344 3600 mabam
365 3531 548 3615 facturum,
578 3533 604 3599 si
628 3533 821 3602 renovanda
843 3533 910 3600 hac
931 3531 1156 3621 disputatione
1175 3527 1231 3595 vel
1253 3527 1324 3615 ipse

207 3633 335 3724 aliquid
351 3633 395 3700 ad
414 3656 489 3709 eam
503 3635 738 3726 explicandam
754 3635 953 3719 conferrem,
979 3634 1035 3701 vel
1048 3633 1143 3715 alioS,
1165 3641 1204 3698 ut
1219 3627 1255 3696 id
1271 3628 1325 3695 fa-

142 3818 144 3825 ,
207 3746 339 3822 cerem,
366 3736 554 3805 excitarem.
606 3741 660 3809 Ac
681 3763 750 3808 non
772 3739 848 3806 satis
868 3737 980 3806 mirari
994 3759 1149 3827 possum,
1175 3731 1258 3821 quid
1274 3731 1325 3814 sit,

207 3841 301 3931 quod
310 3838 558 3909 Eiohstaedtius
571 3852 798 3910 commentum
808 3841 877 3912 hoo
885 3841 1041 3908 dramatis
1050 3833 1324 3924 comicosatyrici‚

206 3947 256 4013 rei
269 3953 366 4012 antee
383 3942 490 4012 doctis
504 3942 696 4013 hominibus
710 3965 846 4036 prorsus
859 3947 1008 4036 ignarae,
1024 3943 1069 4009 ita
1082 3939 1234 4031 plurimis
1241 3958 1325 4030 pro-

208 4047 348 4132 baverit,
362 4055 401 4116 ut
413 4047 482 4114 iam
498 4070 541 4115 ne
556 4045 702 4116 dubitari
719 4048 857 4138 quidem
869 4047 1031 4130 videatur,
1047 4045 1128 4134 quin
1141 4040 1326 4110 istiusmodi

68 4239 71 4243 y
207 4150 400 4218 fabularum
412 4172 540 4241 genere
554 4158 683 4219 veteres
698 4150 748 4218 usi
763 4152 835 4218 siut.
861 4148 953 4218 Mihi
970 4159 1072 4232 certe,
1087 4170 1174 4236 quae
1188 4146 1222 4212 in
1235 4144 1326 4213 hanc

31 4274 34 4281 ’
181 4278 184 4283 ·
207 4269 280 4322 rem
293 4253 353 4320 ille
366 4263 563 4345 argumenta
577 4255 696 4341 attufit,
722 4262 758 4323 ut
771 4253 817 4323 ad
830 4254 978 4347 speciem
995 4254 1067 4321 veri
1083 4249 1208 4320 callide
1224 4247 1326 4316 ador-
