2826 4904
474 315 521 378 IN
547 314 735 378 GRAECA
763 314 951 379 LINGVII.
1203 325 1266 388 221

148 488 251 558 unica
274 495 350 596 sunt
373 489 447 557 talis
471 489 658 581 pleonasmi
687 492 850 581 exempla.
907 487 1103 582 Sophocles
1121 492 1156 560 in
1177 493 1268 564 Tru·

149 591 271 662 chiniis
290 616 323 661 v.
341 590 454 660 116⁰.

214 759 219 764 ·
278 721 370 826 πρδς
387 729 461 802 τῶν
480 722 664 801 πνεόντων
691 724 844 828 μηδενός
866 736 996 806 θανεῖν
1016 728 1099 806 ὕπο.

148 865 279 934 Idem
268 888 305 933 m
323 864 516 934 Philocteta
533 888 565 933 v.
583 860 670 934 554.

277 1031 302 1076 α
323 1007 442 1074 τοῖσιν
458 997 727 1099 Λργείοισιν
702 1005 802 1102 αμφί
824 1032 846 1078 σ
884 1000 1013 1079 οὕνεκα

275 1098 501 1197 βασλεδματ
527 1105 615 1179 ἐστι’.

146 1241 351 1333 Euripides
341 1264 377 1308 ιιι
390 1239 506 1333 lpbig.
526 1241 631 1312 Taur.
649 1240 761 1311 1138.

274 1381 324 1461 εἰς
346 1374 556 1475 Ἀθηναίων
577 1379 635 1453 ἐπὶ
657 1379 737 1476 γαῖν.

145 1515 246 1601 Quae
273 1515 360 1602 iam,
394 1517 534 1608 opinor,
564 1539 665 1586 nemo
702 1528 831 1587 temere
865 1515 1005 1586 audebit
1027 1523 1166 1588 tentare.
1223 1520 1263 1588 ln

143 1618 318 1710 Euripidis
352 1619 492 1707 quidem
523 1643 639 1708 versu,
678 1630 717 1690 ut
748 1621 820 1691 hoc
858 1620 1031 1704 adiiciam,
1074 1618 1135 1712 ὥς,
1167 1622 1263 1711 quod
1319 1649 1321 1655 ¹

144 1720 395 1892 Μειίιρειιδσ
385 1746 420 1791 ιιι
451 1732 601 1793 mentem
636 1726 746 1811 venit,
784 1723 941 1815 poeticae
978 1722 1119 1790 dictioni
1157 1747 1263 1816 repu-

143 1833 228 1918 gffii
245 1826 450 1998 ullomodo
465 1928 606 2020 repetita
618 1928 712 1997 notio
735 1927 784 1998 sic
804 1923 963 2015 abundat,
988 1935 1108 1998 utnon
1127 1908 1261 2021 integro

141 2031 259 2120 aliquo
279 2029 467 2116 vocabulo,
494 2031 555 2100 sed
575 2041 674 2123 parte
689 2032 826 2104 alicuius
838 2034 998 2104 vocabuli
1015 2033 1262 2124 comprehensa

141 2134 191 2202 sit
243 2134 293 2204 Vt
320 2134 417 2202 Iliad.
442 2135 566 2204 XXIII.
593 2135 681 2205 tou.

273 2267 319 2342 ἂν
342 2266 380 2343 δ’
402 2265 574 2352 Ὀδνσεδς
591 2264 791 2368 πολύμητις
811 2269 1003 2363 α’νίστατο,

141 2408 201 2478 ubi
222 2405 431 2499 praepositio
452 2406 488 2472 in
515 2402 690 2480 α’νίστατσ
709 2408 867 2478 abundat
926 2411 1006 2495 Quo
1029 2411 1109 2480 loco
1138 2409 1264 2483 adduci

140 2511 248 2605 possit
273 2510 410 2599 aliquia,
435 2518 474 2576 ut
495 2505 549 2582 δι’
571 2508 683 2600 dccv,
709 2511 962 2602 quodquidam
985 2513 1121 2584 codices
1136 2514 1264 2583 habent

140 2615 176 2684 in
190 2635 290 2684 versu
314 2635 436 2704 parmn
459 2613 625 2704 eleganti,
650 2614 709 2704 qui
729 2615 857 2708 legitur
874 2616 972 2684 Iliad.
993 2617 1052 2687 xl.
1069 2616 1157 2686 703.

140 2804 143 2811 .
270 2746 505 2847 cingulotenus
524 2744 569 2849 δή
583 2748 697 2842 ἄστυ,
725 2756 966 2852 διαπραθέειν
978 2758 1182 2850 μεμαῶτες,

141 2911 210 2957 non
225 2887 438 2956 librariorum
462 2911 575 2958 errore
593 2890 754 2981 scriptum
772 2900 878 2984 putet.
929 2891 1112 2985 Euripides
1131 2892 1166 2960 in
1186 2893 1260 2962 An·
1362 2896 1364 2905 '

141 2990 329 3061 dromacha
349 3016 379 3059 v.
396 2989 483 3059 613.

269 3127 407 3203 παίδων
422 3124 454 3203 τ’
466 3126 621 3212 ἄπαιδας
634 3131 744 3228 γραῦς
760 3133 892 3232 ἔθηκας
908 3137 946 3207 ἐν
963 3126 1098 3226 δόμοις.
1260 3155 1333 3230 203·

139 3269 230 3337 Nam
247 3267 433 3350 vocabula,
459 3265 561 3354 quale
584 3276 633 3334 est
655 3265 784 3352 ἄπαις,
818 3270 865 3338 sic
885 3269 1038 3356 usurpari
1067 3268 1193 3353 solent,
1219 3276 1257 3336 ut
1361 3281 1365 3302 ¹

138 3372 215 3440 sola
234 3378 405 3439 remaneat
419 3370 513 3436 notio
532 3370 738 3460 privationis.
789 3370 863 3439 Nec
884 3369 1056 3436 dissimilia
1077 3378 1152 3457 sunt
1164 3371 1256 3458 talia,

138 3483 178 3545 ut
192 3469 258 3564 oin
276 3467 501 3569 οὐρανόθεν,
527 3495 615 3562 quae
633 3472 728 3540 initio
744 3474 903 3541 carebant
914 3473 1123 3563 pleonasmo,
1149 3498 1256 3564 quum

138 3576 338 3647 adverbium
365 3572 437 3647 ἄπο
460 3575 611 3643 nondum
633 3575 668 3643 in
688 3576 973 3668 praepositionem
1001 3579 1167 3644 vertisset:
1194 3576 1256 3646 sed
1293 3634 1298 3644 ,

138 3678 211 3750 hoe
231 3689 413 3771 postquam
431 3679 558 3748 factum
587 3688 674 3765 erat,
708 3681 816 3771 magis
838 3680 1027 3748 terminatio
1050 3680 1255 3766 substantivi,

136 3807 242 3876 quam
264 3782 472 3875 praepositio
494 3784 610 3874 coepit
628 3781 810 3851 abundare.
860 3784 995 3852 Eodem
1009 3782 1114 3850 modo
1137 3783 1171 3849 in
1190 3782 1255 3869 his,

139 3883 209 3962 ἄπ’
224 3884 355 3985 ὄρεσφι
362 3940 376 3976 ,
404 3881 463 3960 ἐπ’
489 3879 704 3983 ε’σχαρόφινε
729 3908 809 3985 nam
822 3888 885 3956 ista
903 3886 1091 3958 temrinatio
1104 3885 1190 3954 nihil
1204 3895 1253 3955 est

137 4104 343 4144 ...Τ-.-

178 4228 206 4305 *)
228 4225 319 4312 Hunc
337 4229 438 4290 locum
453 4228 512 4289 isto
532 4227 679 4292 insolente
700 4232 874 4313 pleonasmo
888 4230 965 4291 bene
978 4227 1121 4295 liberasse
1132 4232 1252 4296 videtur

134 4299 612 4396 8οἱᾱ1ειιὶε,εαδἈθηναίαν
631 4315 682 4382 eo
700 4321 759 4401 γᾶν
778 4315 922 4378 scribens.
