2826 4904
388 327 393 335 '
469 325 520 390 IN
545 326 735 394 cnaucl
763 328 948 396 maseva
1196 336 1261 403 225

143 496 252 620 Plato,
266 495 311 565 de
312 496 424 614 'legg
438 492 515 568 vll
534 523 576 622 p.
594 499 681 572 810.
701 503 745 573 Β.
770 499 912 579 τούτων
928 501 1019 578 δίεν
1036 501 1097 577 ναί
1117 497 1165 578 τδ
1179 505 1261 602 περί

142 595 210 682 τοῖς
231 591 394 720 ὀρχήσεις
407 596 473 682 τοῖς
495 605 569 675 τιδν
585 601 628 677 ad
640 599 893 701 πραττόντων,
920 604 1036 681 ὄντων
1050 607 1089 680 δὲ
1102 606 1260 705 μετρίων

143 730 266 777 αωτων
276 729 367 799 προς
382 697 448 785 τοῖς
463 700 604 801 ηδσνοίς.
629 708 798 778 Homerus
817 709 914 778 lliad.
936 709 1045 778 XXII.
1068 708 1155 778 247.

271 836 317 920 uic
337 841 504 938 papeha]
530 868 590 914 ναι
581 838 844 942 κερδοσύνη
820 839 959 943 ηχήσατ
965 839 1161 945 ’Ἀθήνη

141 972 348 1048 Theocritus
368 977 429 1049 lv.
447 976 512 1046 cc:
532 979 653 1049 frustra
675 1004 697 1048 a
719 981 922 1070 quibusdam
939 990 1094 1069 tentatus,

308 1190 316 1199 ,
472 1110 598 1215 πρωίαν
611 1144 652 1211 χε
665 1116 734 1209 μίν
751 1111 861 1200 αύτδς
875 1111 1052 1206 ε’πενδοίν,

270 1214 333 1290 ναί
383 1217 470 1292 ποτί
518 1219 569 1316 τᾷ
621 1215 768 1319 μα’νδρηι
816 1213 1118 1317 κατελάμβανον,
1165 1213 1258 1314 οἶμος

804 1316 945 1421 ἔνδιον
969 1322 1021 1414 *t
1112 1336 1116 1347 ·

143 1422 297 1545 (lbs‘erva
320 1473 381 1545 hic
401 1497 445 1543 ne
466 1469 515 1570 χαί
538 1501 605 1570 μιν
626 1475 766 1567 q'uidem
793 1496 872 1547 cum
904 1475 1127 1546 Valckenario
1157 1476 1258 1548 scribi
1299 1460 1302 1465 ⁵
1332 1512 1337 1517 -

141 1598 251 1669 posse.
301 1578 456 1667 Vtroque
478 1581 512 1648 in
532 1581 612 1651 loco
636 1580 697 1652 ναί
724 1580 864 1664 dicitur,
895 1588 1067 1668 tamquam
1087 1581 1115 1647 si
1139 1579 1255 1674 ἔφατο

142 1688 176 1748 et
190 1679 353 1778 ἐπῆνθον
372 1683 633 1772 praecessissent.
683 1683 856 1751 Homerus
869 1681 967 1749 Iliad.
990 1682 1050 1750 Xl.
1066 1678 1154 1752 409.

270 1815 310 1897 ὃς
332 1820 374 1890 δέ
391 1815 419 1891 ν’
441 1811 652 1914 ἀριστεύῃσι
667 1813 766 1914 μύχη
785 1818 859 1906 ἔνι,
884 1810 952 1889 τόν
973 1816 1012 1890 δι’
1023 1809 1123 1909 μύλα
1138 1809 1232 1910 χρειδ

270 1914 469 2012 ἑστάμεναι
484 1921 663 2016 κρατερῶς
668 1973 683 2009 ,
709 1917 773 2018 ἤτ’
789 1915 912 2017 ἔβλητ’
926 1914 1117 2018 ἦτ’,ἕβαλ’
1135 1916 1254 1991 ἄλλον.
1378 2006 1387 2015 Ι

140 2052 362 2148 Sophocles
352 2079 387 2123 m
408 2056 547 2149 Electra
565 2080 597 2125 v.
614 2052 675 2125 25.

271 2188 388 2317 ὥςπερ
396 2220 465 2289 γαρ
482 2173 588 2273 ίππος
601 2187 765 2313 εοχενής,
791 2192 858 2264 ιωίν
875 2222 896 2313 η
919 2193 1051 2287 χέρων,

270 2297 309 2365 ἐν
327 2300 424 2365 τοῖσι
443 2296 572 2374 δεινοῖς
586 2289 712 2386 θύμον
730 2291 794 2366 σύν
814 2288 1014 2381 οέπωλεσεν,

270 2390 352 2467 αλλ’
377 2389 495 2492 ὀρθον
517 2392 578 2476 οδς
593 2403 752 2515 ίστησιν·
780 2389 941 2476 ωςαύτως
958 2395 997 2489 δεΙ
1021 2420 1065 2466 σο

268 2493 363 2594 ημᾶς
388 2494 428 2570 τ’
451 2492 634 2594 ὀτρύνεις,
660 2492 792 2579 ναύτδς
812 2502 850 2571 ἐν
868 2490 1024 2593 πρώτοις
1040 2500 1128 2569 ἔπει

139 2631 403 2804 pliplriliter÷4sed
430 2635 635 2726 conposito
665 2636 725 2726 δε,
766 2633 989 2724 Aeschylus
980 2655 1014 2702 m
1041 2633 1183 2725 Septem
1211 2630 1256 2698 ad

234 2759 257 2805 v

268 2870 404 2963 νύνδ,
430 2901 476 2955 ως
499 2871 520 2947 δ
542 2869 674 2968 μοίντις
688 2900 825 2972 φησιν,
852 2871 988 2946 οίωναῖν
1007 2863 1144 2969 βοτήρ,

268 2980 306 3049 ε’ν
322 2972 385 3048 ω’σί
400 2977 528 3068 νωμῶν
541 2978 601 3050 καί
617 2977 755 3073 φρεσίν,
782 2970 895 3072 πορδς
911 2975 1008 3065 δίχα,

267 3078 505 3203 χρηστηρίους
523 3078 675 3175 ὄρνιθας
692 3075 847 3173 οίψεοδεῖ
858 3081 980 3201 τέχηῃ
1259 3079 1324 3142 200

269 3177 375 3262 οὗτος
388 3181 539 3253 τοιῶνδε
558 3176 744 3297 δεσπότης
743 3174 1012 3270 μαντευμάτων

265 3284 360 3374 λέχει
373 3282 545 3377 μεγίστην
564 3274 764 3398 πρρςβολην
779 3278 935 3370 Ἀχαΐδα

262 3389 564 3482 νοντηγορεισθαι
587 3376 863 3475 κοίπιβοωίεύειν
881 3377 1036 3476 στρατῷ

135 3520 246 3606 Nam,
275 3529 314 3588 ut
337 3519 408 3589 hoc
432 3517 628 3605 addam,
600 3546 645 3601 ως
668 3541 804 3608 quoque
831 3528 879 3586 est
900 3518 935 3584 in
956 3514 1128 3609 particulis
1152 3535 1255 3605 saepe

137 3624 283 3714 apodosi
306 3624 501 3694 carentibus,
554 3623 609 3696 Aa*
631 3623 769 3712 quidem
787 3623 822 3688 in
843 3621 987 3712 apodosi
1008 3621 1157 3709 positum
1176 3617 1254 3685 ubi-

135 3749 206 3815 que
221 3728 269 3794 sic
287 3727 396 3817 accipi
420 3727 548 3811 debet,
566 3736 606 3793 ut
624 3727 825 3795 constructio
848 3723 969 3792 mutari
988 3731 1139 3812 putetur:
1165 3719 1253 3803 vide,

135 3852 225 3918 quae
256 3829 325 3898 diri
359 3829 404 3897 ad
432 3831 537 3897 Hom.
566 3828 682 3918 hynm.
703 3830 817 3919 Apoll.
844 3825 930 3896 335.
958 3824 1036 3894 Cer.
1057 3821 1143 3890 409.
1166 3821 1252 3889 Ven.

134 3931 225 4103 326.
243 3954 279 4023 p.
303 3931 389 4001 lca
415 3933 473 4001 Sic
488 3932 635 4022 denique
654 3922 754 4001 etiam
772 3932 979 4025 geminatum
993 3926 1039 4003 ιίν
1055 3925 1250 4025 iutelligenss

159 4057 222 4111 ⁴uur
248 4044 313 4105 est:

130 4210 340 4227 *a

185 4274 188 4279 ⁵
222 4305 250 4390 *)
272 4305 359 4370 aaa.
381 4308 448 4370 xv.
472 4312 539 4387 ια,
566 4307 619 4368 ubi
641 4328 673 4369 v.
694 4306 919 4388 masnagium.

187 4392 312 4466 Herm.
339 4394 407 4466 01².
432 4396 460 4465 Ι.
1014 4394 1046 4463 p
