2826 4904
456 308 505 369 ΙΝ
534 307 720 370 GRAECA
747 260 943 372 ninova'
1187 314 1251 376 loo
1346 320 1352 349 ⁸

136 481 200 549 sed
223 479 479 571 quodammodo
495 487 610 549 tamen
630 482 758 552 diversa
776 481 979 575 permutatio
993 480 1029 550 ln
1042 479 1151 551 Rhesi
1170 482 1250 555 loco

137 594 189 653 cst
207 608 310 674 quem
333 584 504 676 adiungit,
529 607 561 652 v.
586 583 674 652 486.

242 717 326 794 α’λλ’
353 749 427 794 ειτι
439 714 562 801 λαιον
588 702 662 793 είτι
679 713 853 801 δεξιον
808 747 923 816 κερας

241 821 312 896 εἴτ’
328 828 366 898 έν
381 825 525 917 μέσοισι
541 818 761 915 συμμάχοις,
788 817 947 919 πυίρεστί
959 847 1019 894 σοι

241 927 406 1022 πέλτην’
389 932 524 1021 ερεῖσαι
546 924 605 998 καί
624 925 850 1021 καταστῆσαι
870 918 1043 1022 στρατόν,

137 1060 198 1130 ubi
211 1070 316 1152 poeta
338 1084 444 1150 quum
461 1063 553 1151 ἔχειν
578 1062 634 1130 vel
647 1060 754 1129 simile
775 1059 886 1148 quid
877 1083 912 1126 ιιι
939 1067 1052 1128 mente
1070 1059 1252 1145 habuisset,

137 1185 219 1230 mox
246 1175 353 1232 mutat
374 1165 664 1233 constructionem.
723 1166 843 1253 Neque
870 1160 1074 1231 Schaeferus
1104 1187 1141 1255 p.
1164 1163 1251 1233 686.

136 1265 323 1357 Sophoclis
337 1267 443 1337 verba
457 1267 492 1334 in
508 1268 614 1339 Aiace
628 1291 659 1336 v.
676 1260 762 1332 516.
785 1263 908 1333 afferre
925 1263 1088 1334 debebat.

683 1366 707 1465 ἠ
730 1375 863 1492 μοῖρα
868 1361 936 1441 τόν
958 1362 1126 1462 φύσαντιί
1146 1397 1195 1464 μο

241 1477 411 1546 καθεῖλεν
432 1468 523 1567 ᾳδου
539 1468 765 1565 θανασιμους
783 1464 986 1568 οἰκήτορας,

137 1591 314 1678 quomodo
335 1614 399 1663 uec
419 1592 578 1681 loquutus
603 1593 778 1681 quisquam
805 1598 855 1658 est
873 1612 1067 1678 umquam,
1076 1612 1140 1659 nec
1159 1591 1282 1680 loqui

137 1693 259 1782 potuit
316 1694 505 1785 Corruptus
528 1703 577 1761 est
598 1695 659 1763 iste
683 1695 796 1762 locus:
834 1691 895 1760 sed
920 1690 991 1760 hoc
1018 1701 1171 1782 apertum
1187 1700 1251 1771 est,

93 1824 96 1829 ·
137 1796 242 1863 verba
263 1796 491 1890 θανασίμους
517 1789 726 1893 οἰκήτορας,
768 1803 807 1862 ut
842 1794 923 1862 alibi
953 1793 1147 1880 docuimus,
1189 1817 1254 1885 per

136 1899 386 1989 appositionem
407 1900 538 1969 adiecta
559 1921 647 1984 esse,
676 1894 709 1965 et
723 1898 768 1966 dc
783 1896 949 1966 ambobus
962 1899 1155 1990 parentibus
1175 1896 1253 1977 dici

135 2001 215 2068 Non
238 2003 348 2093 magis
367 2003 543 2091 quisquam
557 2001 768 2070 Graecorum
780 1992 897 2071 ¹dicere
909 2003 1039 2092 potuit,
1064 2001 1160 2092 quod
1178 2000 1253 2069 Bo-

135 2103 209 2191 sio,
236 2127 314 2173 cum
333 2104 511 2174 scholiasta
529 2097 593 2176 616
611 2104 887 2198 intelligenti‚p.
914 2100 1001 2172 675.
1026 2104 1140 2176 (licere
1161 2103 1258 2172 visus·

135 2216 189 2274 est
219 2207 421 2295 Apollonius
446 2206 622 2275 Rhodius:

682 2309 759 2379 έτει
750 2303 925 2427 Φρίξοιο
940 2299 1077 2403 θυηλοίς

208 2407 437 2501 στέλλομαι
453 2401 671 2505 ἀμπλήσων,
698 2402 813 2505 Ζηνός
826 2401 935 2497 χόλον
954 2408 1191 2506 Αἰολίδησινς
1240 2448 1245 2459 ·

133 2567 238 2635 quem
259 2544 375 2613 locum
395 2546 461 2613 alia
481 2547 582 2613 etiam
601 2544 708 2611 inutili
730 2545 820 2611 anxit
839 2542 950 2634 elhpsr
961 2541 1182 2613 Bruncluus
1160 2543 1248 2641 οπερ
1255 2571 1319 2636 172

135 2647 183 2716 ad
212 2645 361 2743 Φρίξοιο
382 2648 640 2742 intelligendum
662 2670 809 2720 censens
860 2647 1060 2738 Interpungi
1084 2647 1249 2716 debebat·
1335 2693 1338 2697 -

681 2755 758 2823 ἐττει
750 2745 931 2872 Φρίξοιο
950 2743 1088 2846 θυηλαῖς

240 2851 454 2945 στέλλομαι,
483 2846 679 2951 υίμπλήσων
695 2846 809 2951 Ζηνός
823 2845 931 2941 χόλον
946 2850 1172 2948 Αιολίιλησιν.

135 2975 321 3065 Vulgatam
337 2973 678 3061 interpunctionem
654 2995 681 3040 s1
693 2973 767 3060 quis
781 2970 971 3092 Euripideo
985 2995 1101 3057 versu,
1126 2970 1183 3061 qui
1201 2978 1251 3039 est

136 3081 173 3146 in
194 3077 333 3147 Electra
361 3074 472 3142 1270.
498 3074 674 3143 defensum
698 3075 778 3158 iret,
817 3076 845 3143 is
879 3076 1026 3167 graviter
1058 3074 1232 3142 falleretur
1240 3097 1259 3141 ε-Δ

136 3180 182 3249 de
206 3201 276 3269 quo
296 3200 395 3247 versu
418 3177 549 3245 dicetur
569 3179 667 3245 inira.
717 3178 818 3246 Peius
839 3179 960 3262 etiam,
993 3177 1112 3243 sitieri
1126 3182 1249 3264 potest,

135 3282 371 3353 Schwcbelius
384 3280 504 3347 erravit
516 3301 551 3367 p.
568 3277 655 3346 616.
673 3277 719 3344 ιιι1
742 3280 845 3345 verba
865 3276 906 3372 ἠέ
929 3270 1015 3360 τόν,
1039 3276 1136 3342 lliad.
1157 3275 1247 3343 XIX.

136 3384 224 3453 626.
251 3379 313 3457 διαί
328 3383 530 3473 intelligens.
581 3380 698 3447 Verba
716 3388 839 3509 poetae
859 3378 947 3447 haec
966 3388 1059 3445 sunt.
1178 3423 1183 3433 ·

302 3517 346 3593 ov’
363 3512 435 3645 peip
455 3518 514 3591 κέν
534 3545 574 3590 τι
597 3510 801 3637 κακώτερον
823 3512 909 3588 ἄλλο
934 3508 1119 3606 ποίθοιμι,

123 3678 126 3682 -
241 3618 320 3696 066
340 3623 377 3695 al
388 3620 529 3693 κεντοιί
545 3612 681 3716 πατρός
699 3614 973 3711 ἀποφθιμένοιο
995 3617 1206 3714 πυθοίμην,

241 3723 279 3805 ὅς
302 3750 373 3798 σου
387 3723 451 3796 νῦν
467 3723 670 3819 Φθίηφι’
626 3749 729 3816 τέρεν
744 3715 838 3793 κοίτα
859 3715 1015 3816 δάκρυον
1031 3721 1122 3811 εἴβει

237 3854 341 3923 χητιι
364 3821 509 3899 τοιοῦδ’
527 3826 618 3904 οἶος
651 3818 731 3896 66'
754 3819 985 3916 attotam&
968 3821 1020 3895 ενί
1044 3814 1144 3915 δήμῳ

239 3937 355 4002 εἵνεκα
374 3927 559 4048 ῥιγεδανῆς
567 3925 715 4020 Ελένης
731 3925 868 4019 Τρωσίν
887 3895 1081 4014 π6λεμίζυι·

239 4027 281 4128 ἠέ
299 4024 384 4119 τόν,
412 4029 449 4109 ὂς
448 4022 595 4181 Σκυμῳ
617 4054 685 4120 μοι
702 4028 756 4101 ένι
770 4028 944 4122 τρέφεται
966 4024 1068 4119 φίλος
1084 4017 1170 4104 υἱός

133 4170 206 4238 Vbi
218 4168 290 4256 quis
301 4190 370 4235 ιιοιι
385 4134 487 4249 videt,
511 4157 578 4238 τόν
592 4187 662 4231 esse
676 4164 839 4255 positum,
861 4161 956 4251 quod
969 4162 1098 4253 poeta’
1088 4184 1123 4229 ιιι
1137 4169 1247 4231 mente

134 4274 281 4342 haberet
295 4265 552 4367 ἀποφθίμενον
567 4261 793 4360 οἱκούσαιμιὲ
