2826 4904
164 309 225 370 132
514 302 914 365 OBSERVATIONES

50 495 53 499 ·
163 476 239 560 illa,
265 476 292 544 si
309 482 400 543 recte
413 475 626 566 intelligatur.
677 475 835 543 Proxima
849 473 937 540 enim
952 472 1147 540 veterrimae
1163 471 1275 542 Grae*-

152 581 282 650 'corum
298 579 435 668 linguae
454 587 525 645 erat
549 579 683 646 Dorica.
743 579 797 646 Ex
817 575 884 647 hac
904 576 1032 643 maiore
1047 576 1140 643 cultu
1156 576 1276 643 exstitit

163 681 320 765 Aeolica,
346 682 381 746 in
394 681 581 748 universum
596 691 707 748 tamen
721 679 927 747 tenacissima
941 679 1150 766 antiquitatis.
1203 680 1275 747 Do-

163 786 233 854 rica
246 785 362 874 lingua
376 785 552 850 utebantur
567 785 666 850 etiam
681 784 795 868 IoneS,
822 783 880 869 qui
894 803 997 868 quum
1012 781 1165 848 Athenas
1182 790 1275 849 tene·

163 895 253 969 rent,
287 896 484 974 partemque
515 887 616 953 Asiae
638 886 772 953 minoris
804 893 1039 973 occupassent,
1073 884 1115 969 ii,
1148 885 1210 972 qui
1244 884 1275 950 io

128 1048 132 1069 ,
164 990 244 1055 Asia
264 999 376 1072 erant,
407 989 575 1056 mitissima
600 989 686 1056 caeli
714 988 877 1076 temperie
899 988 1073 1069 invitante,
1107 987 1276 1074 antiquam

165 1091 375 1180 asperitatem
394 1092 571 1181 paullatim
595 1101 768 1174 exuentes,
802 1089 958 1157 molliore
985 1090 1103 1179 lingua
1125 1091 1175 1157 uti
1198 1112 1277 1160 coe-1

164 1203 303 1282 petunt,
335 1194 390 1260 alii
413 1204 526 1261 tamen
554 1195 665 1261 aliter:
698 1193 779 1262 hinc
809 1202 966 1279 quattuor
993 1191 1120 1258 formas
1142 1192 1277 1283 linguae

163 1295 283 1363 Ionum
303 1307 474 1363 enumerat
499 1296 694 1363 Herodotus
713 1297 741 1381 I,
771 1294 856 1360 142.
908 1294 1129 1362 Athenienses
1156 1304 1276 1378 antem,

164 1398 259 1486 quod
278 1399 306 1465 is
326 1400 473 1489 populus
485 1399 706 1488 plurimamm
719 1399 871 1489 gentium
885 1398 1088 1467 commercio
1109 1398 1274 1481 utebatur,

135 1517 207 1577 nex
230 1501 383 1567 omnibus
404 1524 493 1590 pene
515 1503 652 1592 linguae
674 1501 789 1568 formis
813 1501 941 1589 aliquid
962 1499 1202 1568 contrahebat:
1236 1500 1277 1567 de

165 1626 232 1692 qua
254 1625 292 1669 re
314 1602 464 1671 disseruit
488 1605 665 1671 Piersonus
691 1604 736 1670 ad
762 1603 957 1670 Moeridem
984 1626 1021 1692 p.
1049 1601 1136 1670 349.
1195 1602 1278 1670 Mox

165 1728 269 1794 quum
283 1706 396 1790 lones,
423 1707 481 1794 qui
499 1717 591 1773 erant
604 1708 638 1773 in
659 1707 756 1790 Asia,
783 1708 903 1795 poesin
917 1717 952 1774 et
972 1704 1081 1772 studia
1094 1706 1278 1773 litterarum

165 1809 279 1877 colere
298 1809 495 1899 coepissent,
522 1811 565 1876 ab
583 1808 635 1876 his
650 1810 794 1876 eruditio
809 1809 965 1899 migravit
979 1807 1145 1893 Athenae,
1173 1831 1278 1898 eaque

144 1932 203 1976 Jre
226 1909 441 1994 factumest,
467 1920 504 1977 ut
525 1912 778 1978 Atheniensium
800 1934 928 1995 sermo,
954 1911 980 1976 is
1003 1920 1110 1995 certe,
1145 1932 1218 1999 quo
1247 1912 1278 1977 in

165 2011 343 2079 scribendo
363 2014 559 2098 utebantur,
593 2014 639 2081 ad
659 2015 780 2081 Ionum
804 2005 1020 2082 imitationem
1048 2013 1278 2082 conformare-

164 2123 227 2181 tur.
286 2115 409 2182 Paullo
434 2126 528 2206 post,
562 2139 666 2202 quum
694 2117 876 2206 primatum
899 2117 934 2184 in
959 2117 1104 2186 Graecia
1131 2126 1278 2184 tenerent

163 2214 402 2303 Athenienses,
436 2218 482 2285 ad
502 2241 715 2288 communem
739 2243 834 2287 usum
855 2220 964 2311 magis
989 2243 1059 2287 sese
1084 2241 1276 2291 accommo-

166 2318 285 2386 darunt
302 2321 488 2410 scriptores

265 2422 360 2490 Vele
375 2424 567 2492 brevissima
581 2423 649 2493 hac
666 2423 889 2518 descriptione
904 2425 1110 2515 intelligitur,
1126 2422 1276 2493 Graecae

163 2525 297 2616 linguae
313 2526 532 2596 dialectorum
546 2529 778 2597 tractationem
802 2553 873 2597 esse
891 2528 1137 2596 difficillimam.
1160 2531 1277 2619 Auge-

163 2636 217 2694 tur
234 2637 344 2697 autem
366 2628 454 2698 haec
470 2630 652 2698 difficultas
667 2653 725 2715 eo,
753 2632 847 2719 quod
874 2653 942 2697 non
961 2631 1066 2697 modo
1084 2628 1129 2696 ad
1143 2640 1278 2721 tempo·

164 2753 239 2796 mm
253 2732 473 2820 locorumque
489 2732 721 2818 diversitatem,
736 2735 796 2800 sed
814 2735 914 2801 etiam
927 2734 971 2800 ad
981 2733 1149 2805 scribendi
1163 2756 1277 2824 genus,

164 2855 233 2922 quo
250 2835 390 2921 quisque
407 2836 551 2923 scriptor
564 2857 639 2902 usus
657 2844 716 2920 est,
741 2837 862 2926 respici
874 2836 986 2903 debet.
1037 2838 1090 2904 lta
1105 2859 1174 2903 non
1189 2837 1277 2904 idem

164 2944 223 3021 est,
245 2946 358 3003 utrum
376 2935 571 3022 historicus,
599 2961 640 3004 an
665 2947 787 3024 orator,
814 2963 856 3005 an
871 2938 1096 3029 philosophus
1111 2939 1276 3026 loquatur.

146 3110 147 3115 ,
165 3038 380 3125 Quamquam
396 3040 429 3106 in
438 3038 491 3106 his
507 3039 577 3109 hoc
591 3050 703 3108 tamen
711 3041 929 3111 commodum
940 3043 1071 3127 accidit,
1078 3042 1173 3129 quod
1189 3043 1276 3131 quis-

165 3165 232 3231 que
245 3143 313 3208 eius
333 3143 452 3233 gentiS,
471 3165 511 3210 ex
525 3165 593 3232 qua
608 3144 680 3234 ipse
697 3155 756 3230 est,
776 3146 904 3236 lingua,
923 3168 1029 3232 eaque
1044 3168 1142 3235 pura,
1166 3146 1276 3212 utitur.

165 3243 271 3329 Quod
296 3245 400 3336 longe
423 3245 519 3312 aliter
542 3257 606 3332 est,
645 3247 705 3314 ubi
724 3247 769 3314 ad
793 3258 912 3339 poetas
936 3250 1084 3321 animum
1105 3247 1276 3317 adieceris.

166 3346 235 3428 Qui
258 3370 361 3434 quum
380 3349 471 3417 nulla
492 3350 686 3439 cuiusquam
710 3356 817 3442 gentis
849 3352 994 3419 dialecto
1022 3373 1108 3441 pura
1133 3361 1276 3433 utantur,

165 3470 275 3535 neque
294 3450 435 3517 iudicari
456 3474 497 3518 ex
517 3453 582 3519 illis
607 3453 772 3539 dialectis,
803 3477 912 3543 neque
933 3454 1058 3542 ubique
1074 3452 1199 3521 idonea
1213 3475 1275 3545 pro

163 3550 203 3618 iis
217 3552 406 3618 testimonia
417 3555 583 3642 praebere
595 3566 742 3646 possunt.
794 3557 842 3626 Vt
857 3558 1002 3625 breviter
1021 3557 1150 3640 dicam,
1176 3579 1276 3647 prae-

162 3661 216 3720 ter
238 3652 312 3720 illas
335 3657 488 3746 gentium
512 3658 716 3749 singularum
738 3659 869 3750 linguas
891 3661 993 3727 etiam
1009 3682 1153 3750 poeseos
1170 3681 1276 3750 gene-

54 3826 57 3831 ,
148 3777 238 3841 rum
260 3757 408 3827 diversae
426 3760 563 3828 dialecti
587 3771 678 3845 sunt,
706 3785 788 3850 quas
810 3763 948 3849 quidem
964 3786 1073 3851 neque
1095 3762 1185 3829 solas
1210 3764 1276 3830 sine

162 3860 315 3948 gentium
337 3862 479 3952 linguis,
511 3886 622 3951 neque
640 3863 718 3951 has,
750 3867 908 3956 neglecta
935 3876 1114 3956 poetamm
1137 3865 1276 3933 diversi,

163 3969 250 4046 tate,
276 3972 368 4033 recte
391 3966 590 4034 tractaveris.
1269 4032 1273 4037 .

263 4065 492 4134 Vetustissima
515 4070 664 4136 omnium
689 4071 787 4162 epica
816 4071 927 4159 poesis
955 4080 1018 4154 est,
1054 4071 1148 4138 cuius
1177 4072 1274 4161 origo

164 4167 258 4234 inea
282 4178 439 4258 tempora
450 4170 583 4255 incidit,
609 4173 729 4260 quibus
747 4173 887 4241 formari
908 4175 1091 4264 incipiebat
1113 4173 1274 4244 dialectus

162 4268 288 4343 Ionica.
341 4273 456 4357 Quare
469 4274 527 4363 qui
541 4273 644 4364 primi
657 4277 848 4346 exstiterunt
866 4278 956 4368 epici
975 4277 1129 4346 camninis
1152 4286 1272 4348 auoto-
