2826 4904
183 340 247 407 286
392 338 459 410 DE,
478 338 770 402 PRAECEPTIS
798 337 1078 416 Qvlssvsuan

283 507 355 581 Sed
376 519 414 580 ut
435 510 481 579 ad
505 509 549 607 ἢν
572 532 653 593 cum
684 512 836 604 optativo
859 510 1015 599 redeam,
1055 509 1150 602 quod
1175 509 1297 602 paullo

184 624 260 685 ante
279 614 445 700 dicebam,
466 612 511 710 ἢν
533 615 568 680 in
586 613 653 683 hac
667 617 910 687 constructione
922 637 988 707 pre
1006 617 1039 689 εἰ
1051 614 1154 707 poni,
1179 613 1218 682 id
1231 636 1296 682 no-

183 720 243 787 lim
263 720 312 787 sic
328 717 490 809 intelligi,
516 739 557 787 ae
577 718 605 785 si
626 717 710 785 nihil
730 719 817 787 inter
838 717 883 814 ἢν
899 731 933 786 et
947 722 982 793 εἰ
995 719 1150 788 interesse
1165 725 1295 808 putem.

182 823 271 890 Nam
290 843 359 914 ege
380 819 593 889 hortantum
608 821 787 907 volebam,
812 822 923 913 primo
939 824 1034 890 verbi
1050 821 1194 890 modum
1216 842 1297 911 spe·

183 924 344 996 mudum
374 947 463 1009 esse,
499 923 596 1011 qued
618 924 653 991 in
678 923 874 996 heccardo
903 926 954 993 rei
979 933 1138 993 versatur.
1191 923 1296 1008 Quod

182 1029 210 1096 si
228 1047 342 1096 sensus
358 1025 544 1118 optativum
561 1027 715 1117 requirit,
741 1027 846 1096 altera
865 1029 1015 1115 quaestio
1038 1037 1106 1115 est,
1131 1036 1244 1095 utrum
1266 1027 1296 1094 ei

147 1185 151 1198 .
184 1132 220 1204 εἰ
237 1131 376 1222 adiungi
397 1130 568 1214 debuerit,
601 1153 644 1197 an
668 1131 816 1221 potuerit
833 1130 916 1198 addi
937 1129 999 1219 ἦν,
1026 1153 1115 1220 quae
1130 1130 1297 1222 particula

184 1255 227 1302 eo
243 1235 287 1301 ab
301 1237 336 1307 ei
346 1231 472 1316 differt,
486 1232 581 1321 quod
593 1235 629 1305 εἰ
641 1241 689 1302 est
706 1235 748 1320 si,
773 1231 817 1331 ἢν
830 1244 942 1302 autem
958 1235 1027 1303 sive
1044 1228 1126 1321 ede,
1154 1233 1225 1300 sive
1239 1230 1294 1321 ἂν,

145 1323 353 1428 ‘producta
378 1336 507 1418 vocali,
541 1335 573 1403 si
589 1333 711 1428 sorte:
745 1337 994 1426 (productione
1018 1336 1107 1404 enim
1135 1333 1208 1404 hoe
1237 1334 1294 1423 ἄν,

182 1447 221 1508 ut
252 1461 294 1507 ex
327 1431 390 1513 ἑνῖν
423 1446 647 1523 contractum,
686 1463 707 1525 a
746 1440 914 1528 particrda
954 1439 1129 1530 potentiali
1169 1437 1296 1506 differt:
1346 1452 1349 1458 “

182 1565 349 1632 quaeres
373 1540 529 1608 staudem
553 1541 636 1608 feeit
660 1542 816 1611 lacobsio
839 1542 876 1609 in
899 1541 1016 1611 Addit
1051 1540 1219 1609 animadv.
1253 1539 1295 1607 ad

179 1645 395 1716 Athenaeum
424 1667 461 1735 p.
478 1643 548 1710 24.
582 1641 667 1711 126.
719 1646 807 1713 Nam
839 1646 996 1735 exempla
1027 1645 1061 1711 in
1094 1644 1294 1740 contrariam

179 1759 313 1841 partem
347 1756 506 1838 corrupta
538 1756 631 1832 sunt,
673 1755 711 1817 ut
735 1748 841 1815 Lollii
870 1748 966 1815 Bassi
996 1749 1104 1840 epigr.
1138 1747 1175 1833 3,
1202 1746 1238 1816 9.
1263 1747 1295 1813 in

181 1853 329 1920 Brunck.
355 1851 454 1918 Anal.
481 1850 524 1918 T.
551 1850 595 1916 11.
628 1873 663 1940 p.
693 1847 777 1917 161.
829 1852 870 1918 ln
893 1851 1058 1920 Palladae
1084 1852 1186 1942 epigr
1213 1849 1294 1935 137,

181 1953 219 2026 4.
245 1977 281 2044 p.
307 1950 394 2019 436.
421 1950 512 2025 ὅταν
533 1975 574 2020 ex
600 1952 677 2021 eod.
703 1953 965 2045 reponendum.)
990 1955 1160 2023 Homerus
1183 1954 1295 2045 igitur,

181 2056 276 2149 apud
289 2078 391 2145 quem
406 2054 574 2148 particula
588 2055 648 2128 xiv
664 2064 765 2145 atque
780 2057 880 2125 etiam
894 2056 940 2128 ἄν
954 2057 1039 2125 nihil
1053 2057 1099 2125 ad
1114 2058 1208 2125 verbi
1222 2078 1296 2123 mo-

183 2160 265 2230 dum
277 2160 438 2252 pertinet,
463 2158 654 2250 saepissime
671 2161 708 2231 εἴ
718 2186 778 2232 μεν
793 2161 942 2251 optativo
957 2161 1076 2229 iunxit:
1100 2160 1180 2229 vide
1198 2159 1295 2227 lliad.

136 2271 219 2358 18β.
243 2250 440 2353 123591.
465 2289 492 2335 e.
513 2261 597 2329 273.
628 2271 654 2348 ζ.
679 2259 740 2330 59.
771 2264 817 2352 (ν.
844 2263 947 2355 381.)
974 2292 1008 2360 η.
1030 2262 1116 2333 381.
1146 2272 1186 2337 θ.
1211 2260 1295 2331 196.

182 2363 268 2436 295.
294 2395 318 2441 ι.
333 2363 418 2433 141.
444 2364 565 2456 (283.)
586 2359 673 2431 445.
687 2393 719 2439 ν.
741 2364 827 2434 288.
854 2395 888 2439 τ.
904 2366 989 2434 322.
1004 2394 1036 2457 χ.
1054 2365 1140 2434 226.
1153 2361 1241 2434 351.
1258 2385 1294 2459 ψ.

182 2470 268 2540 346.
293 2468 380 2539 592.
401 2467 471 2542 od,
493 2496 525 2567 η.
548 2464 635 2535 315.
656 2477 698 2541 θ.
721 2463 807 2536 353.
830 2498 860 2542 ο.
877 2466 964 2536 545.
983 2498 1017 2543 τ.
1041 2467 1142 2537 589.Ι
1156 2490 1296 2560 quornm

23 2638 28 2648 ,
181 2576 338 2644 locorum
360 2573 489 2660 aliquos
499 2573 566 2639 iam
581 2570 785 2641 Schaeferus
804 2574 839 2640 in
856 2572 1031 2642 Meletem.
1054 2597 1089 2664 p.
1110 2568 1171 2640 59.
1198 2596 1224 2642 s.
1247 2581 1296 2638 at-

53 2684 63 2699 *
181 2679 268 2746 tulit.
318 2675 489 2746 Differnnt
504 2677 547 2742 ab
561 2674 615 2742 his
631 2675 714 2752 locis
727 2676 768 2759 ii,
794 2676 828 2743 in
849 2665 969 2766 quibus
988 2677 1218 2745 coniunctivus
1237 2683 1297 2742 est:

181 2781 241 2869 qui
261 2780 365 2847 futuri
387 2781 494 2849 exacti
508 2779 787 2869 significationem
808 2779 954 2847 habent:
980 2804 1010 2848 v.
1036 2779 1133 2846 Iliad.
1157 2786 1194 2873 β.
1211 2776 1294 2849 364.

183 2911 209 2955 ι.
226 2880 313 2949 412.
332 2908 368 2954 π.
387 2880 446 2948 32.
472 2907 503 2977 p.
521 2880 581 2948 39.
603 2906 634 2951 n.
657 2879 717 2949 91.
741 2908 772 2970 χ.
796 2881 881 2950 349.
900 2881 968 2951 Od.
994 2911 1021 2955 e.
1043 2882 1131 2951 411.
1155 2892 1196 2956 θ.
1214 2876 1297 2949 355.

183 3012 222 3079 φ.
244 2983 330 3052 383.
356 2986 476 3072 quibus
503 2983 651 3051 addendi
679 2984 851 3067 videntur,
895 2986 1106 3056 coniunctivo
1134 2986 1297 3068 restituto,

183 3086 256 3161 0d..
276 3115 316 3182 μ.
338 3081 423 3153 345.
445 3115 477 3187 p.
500 3080 586 3154 556.
609 3094 711 3174 atque
731 3086 844 3176 ‘ipsum
862 3090 962 3156 etiam
985 3089 1136 3156 futurum
1153 3089 1298 3157 invenies

181 3190 278 3261 Iliad.
299 3199 335 3286 β.
362 3187 449 3259 258.
472 3219 503 3264 ο.
524 3188 610 3257 213.
640 3213 672 3285 p.
695 3185 782 3257 558.
834 3192 880 3260 Et
902 3193 950 3261 sic
973 3192 1092 3279 etiam,
1119 3193 1179 3260 ubi
1198 3194 1232 3264 εἰ
1250 3198 1299 3258 est

182 3317 249 3380 an,
295 3294 366 3364 hoc
395 3297 533 3385 quidem
572 3292 781 3377 discrimine,
824 3305 862 3362 ut
896 3296 1063 3387 optativus
1099 3317 1202 3386 posse
1235 3294 1300 3360 ali·

182 3398 267 3486 quid
291 3398 383 3482 fieri,
417 3397 645 3472 coniunctivus
675 3397 869 3488 simpliciter
894 3400 1044 3467 futurum
1069 3421 1140 3467 esse
1164 3389 1300 3467 iudicet

183 3497 252 3571 0d.
278 3528 311 3592 χ.
339 3496 399 3568 75.
541 3493 545 3501 ’

706 3635 764 3709 ini
785 3633 824 3709 δ’
846 3635 948 3734 αὐτῷ
961 3632 1092 3718 πάντες
1106 3637 1246 3730 ἔχωμεν

284 3734 443 3835 ἀθρόοι,
468 3738 505 3810 εἴ
515 3739 555 3809 κε’
570 3765 638 3831 μιν
654 3734 768 3811 οὐδοῦ
784 3735 977 3833 ἀπώσομεν
1002 3739 1064 3836 η’δὲ
1087 3736 1252 3836 θυράων,
1360 3832 1363 3836 ,

284 3843 448 3936 ἔλθωμεν
474 3836 509 3913 d’
530 3835 602 3914 α’νοὶ
625 3840 737 3931 ἄστυ,
762 3836 834 3939 fiori
853 3840 890 3915 δ’
917 3841 1053 3916 ὤκιστα
1072 3844 1238 3939 ginone·
1320 3853 1325 3866 “

182 4048 386 4067 m·-

183 4175 324 4225 accurate
349 4163 553 4240 considerare,
581 4162 631 4224 vel
655 4162 708 4222 ubi
731 4164 858 4243 sutura,
881 4174 918 4225 ut
942 4163 1008 4225 fieri
1036 4165 1130 4243 solet,
1166 4164 1304 4226 eumdem

183 4251 391 4397 ffiufflem
427 4251 554 4312 formam
582 4247 750 4328 habebunt,
789 4251 893 4313 utilem
921 4250 1057 4313 iudicare
1073 4249 1171 4359 ,hune
1188 4251 1303 4313 librum
