2826 4904
132 294 177 353 66
442 278 936 343 ΟΟΜΜΕΝΤΔῊΟ

67 537 74 552 ,
134 450 364 550 adstitissent
379 450 622 549 ἀναστρέφει,
648 447 735 527 τότε
746 449 806 526 καὶ
819 450 883 548 τῆς
898 447 1099 532 inertiores
1108 447 1155 524 ἄν
1172 447 1249 547 ἅρ-

134 586 249 654 χοιτο.
285 558 346 632 sal
365 551 434 653 γιῖρ
449 558 604 652 πέφυκεν
625 554 646 630 o‘
663 561 769 638 ἵππος
775 610 788 644 ,
809 557 858 636 εἰς
871 555 939 646 μὲν
961 547 1011 625 rol
1023 547 1122 637 δεξιοὶ
1135 579 1250 649 στρε-

36 750 40 757 .
97 660 99 664 ⁸
135 658 306 760 φάμενος,
332 666 410 742 τοῖς
430 662 556 742 δεξιοῖς
577 656 818 755 ἀφηγεῖσθαι,
845 660 894 738 εἰς
910 649 1078 748 εὐώνυμα
1093 657 1145 746 δέ,
1171 661 1251 737 τοῖς
1309 740 1311 747 Ι

135 764 351 860 ἀριστεροῖς.
403 762 611 832 Camerarius
629 766 725 833 caute
738 762 831 831 hunc
844 761 959 829 locum
975 761 1093 845 vertit,
1118 767 1158 826 ut
1171 781 1250 827 ma-

135 872 189 959 gis
211 867 429 957 ambiguitate
450 867 747 957 reprehensionem
761 865 915 946 evitasse,
941 885 1044 951 quam
1054 861 1251 954 perspicui·-

136 982 204 1039 tate
216 992 346 1038 sensum
359 969 545 1038 declarasse
557 969 719 1038 rideatur.
770 966 973 1048 Heubelius,
999 989 1101 1055 quem
1115 973 1155 1034 ut
1170 964 1251 1033 artis

35 1132 38 1139 .
136 1074 296 1163 equestris
315 1074 514 1163 magistrum
537 1073 664 1161 aliquid
682 1072 766 1140 lucis
786 1070 908 1137 afferre
929 1090 992 1158 par
1013 1078 1102 1153 erat,
1126 1090 1251 1137 vereor

136 1200 180 1245 ne
208 1176 324 1248 locum
352 1177 453 1243 etiam
485 1175 722 1245 obscuraverit.
786 1175 818 1242 ls
850 1173 897 1239 ita
925 1174 1041 1240 vertit:
1075 1171 1154 1241 Sall
1178 1171 1251 1240 das

135 1280 246 1372 pjerd
258 1276 448 1364 verwr'irts,
473 1301 512 1346 so
530 1278 640 1346 treibe
660 1300 746 1346 man
762 1298 798 1344 es
809 1274 908 1368 suast
923 1297 995 1359 an,
1021 1275 1115 1343 dena
1131 1275 1250 1343 dieses

136 1383 258 1465 macltt
277 1404 313 1450 es
334 1379 622 1451 <onmscbroclcn
648 1421 700 1432 -
757 1380 864 1447 Wemr
885 1400 923 1446 cs
943 1378 1103 1446 acelaber
1125 1378 1163 1445 ἱιι
1178 1376 1250 1446 sei-

137 1507 217 1553 rrem
244 1484 468 1552 natitrlr‘clten
491 1506 602 1577 gang·
627 1485 691 1567 ist,
729 1506 768 1551 so
793 1481 887 1550 wird
911 1503 948 1549 cs
973 1482 1092 1550 seinen
1117 1478 1252 1573 torpet·

137 1587 245 1661 leiclrt
262 1610 467 1657 zusammen
487 1589 636 1656 nahmen
655 1586 740 1654 und
766 1608 847 1653 zona
875 1581 998 1675 lausen
1021 1582 1142 1677 fitln‘g
1167 1605 1250 1651 mu-

137 1690 244 1776 clten,
270 1691 345 1758 und
367 1713 453 1759 mun
473 1691 567 1759 roird
586 1713 623 1758 es
650 1711 719 1758 nur
738 1689 802 1757 mit
816 1688 912 1756 einer
935 1687 1040 1754 ruthe
1068 1687 1250 1757 nnzutrer'-

137 1792 204 1863 ben
235 1793 363 1886 arilln'g
387 1792 513 1862 haten
563 1793 628 1862 Da
653 1816 739 1860 oran
769 1813 806 1860 es
823 1789 894 1885 fiir
914 1789 1024 1857 sobo'n
1043 1791 1137 1875 rtet,
1162 1789 1253 1858 dues

138 1897 208 1963 das
222 1894 338 1988 pferd
359 1897 422 1964 mit
442 1897 509 1964 der
532 1895 645 1964 linlrcn
673 1896 759 1963 scite
784 1918 829 1962 zu
854 1891 978 1985 lausen
1006 1891 1184 1985 arrsdngt‚
1208 1913 1251 1962 so

137 2020 233 2067 mass
251 2021 336 2066 man
349 1999 440 2082 ihm,
465 1998 580 2067 demit
593 2021 630 2066 es
643 1998 758 2067 dieses
775 2019 870 2090 gera
890 1995 985 2080 thoe,
1010 2017 1079 2065 nur
1100 1996 1161 2065 die
1185 2017 1249 2065 ru-

137 2101 198 2170 tlre
212 2102 358 2194 telget,
384 2124 483 2170 wemr
506 2124 544 2172 es
560 2103 624 2170 mit
643 2101 727 2170 dern
744 2101 889 2168 rechten
901 2096 988 2190 sues
1003 2098 1251 2169 austurclrrei·

136 2211 196 2277 ten
214 2204 291 2275 siclt
315 2203 524 2273 amartetes.
580 2205 662 2273 Will
681 2226 718 2272 es
736 2203 807 2271 den
829 2200 943 2271 lintea
952 2199 1040 2294 fuss
1060 2200 1251 2296 artfbeben,

136 2329 176 2376 so
190 2308 384 2376 lassemur
400 2330 436 2377 es
452 2309 517 2376 mit
533 2308 608 2377 ilem
622 2331 668 2376 zu
683 2307 858 2376 schreiten
873 2303 1072 2400 assurgere,
1095 2304 1173 2373 und
1184 2305 1251 2374 urie

138 2432 175 2479 es
191 2410 269 2479 sich
289 2409 378 2480 linls
403 2409 543 2500 kebret,
561 2416 608 2480 'so
630 2409 683 2504 ojl
705 2412 798 2479 lasse
821 2431 907 2477 man
929 2429 967 2476 es
988 2408 1083 2477 auch
1105 2407 1185 2477 siclt
1204 2430 1251 2477 ru

136 2515 283 2583 werden
297 2513 493 2608 ansongen.
544 2514 651 2583 Demr
662 2515 732 2582 dns
744 2511 860 2606 pferd
878 2507 999 2605 pstegt
1024 2511 1102 2581 siclt
1122 2518 1251 2581 amar-

129 2616 209 2685 'lr'clt
228 2616 323 2684 noch
346 2617 412 2685 der
432 2617 577 2685 rechten
601 2617 686 2684 seite
709 2639 754 2684 au
778 2614 964 2707 bewegen‚
989 2636 1150 2683 mermes
1173 2614 1252 2683 siclt

136 2718 233 2785 nach
260 2720 380 2789 reclus
405 2717 602 2803 hinkeltret,
628 2719 703 2786 und
731 2715 838 2802 lists,
871 2740 970 2787 werra
998 2740 1036 2787 es
1062 2717 1142 2787 siclt
1162 2715 1252 2787 linlrs

139 2821 284 2889 scendet.
344 2822 412 2890 vix
438 2821 600 2891 credibile
623 2831 688 2907 est,
718 2821 893 2890 hominem
913 2821 963 2889 rei
984 2822 1131 2910 equestri
1150 2820 1253 2890 dodi·

137 2933 211 2993 tum
233 2933 304 2993 tam
327 2924 457 3015 ineptas
474 2925 649 2993 sententias
674 2949 695 2992 a
719 2925 918 3017 peritissimo
943 2925 1056 3014 equite
1076 2925 1253 3016 profectas

138 3026 331 3097 credidisse.
380 3029 563 3097 Videamus
584 3029 726 3120 singula.
775 3029 838 3098 Est
858 3028 947 3097 enim
968 3028 1028 3096 hic
1047 3028 1144 3100 locus
1166 3050 1254 3120 pro·

137 3140 256 3222 pterea
280 3131 429 3222 inprimis
457 3132 630 3216 notabilis,
663 3132 757 3221 quod
780 3133 917 3200 nomina
942 3130 1150 3200 diversorum
1174 3130 1253 3222 equi

137 3234 327 3303 incessuum
342 3235 498 3305 continet
550 3235 659 3328 Igitur
670 3236 793 3327 primo,
819 3236 877 3303 ubi
891 3235 1102 3326 procedendi
1115 3235 1252 3328 siguum

140 3337 257 3405 datum
271 3340 312 3409 sit
336 3362 444 3428 equo,
471 3340 615 3432 simplici
635 3363 734 3431 passu
753 3338 980 3408 incedendum
994 3362 1066 3407 esse
1082 3338 1166 3408 dicit
1179 3338 1253 3407 Xe-

138 3440 290 3530 nophon.
342 3442 385 3509 ld
401 3466 507 3533 genus
532 3443 635 3512 nostri
658 3443 785 3512 schritt
807 3452 947 3528 vocant,
975 3441 1102 3512 Graeci
1122 3433 1251 3539 βάδην.

66 3563 69 3569 ’
138 3545 258 3632 anue
281 3547 488 3615 'consuetudo
510 3546 693 3637 incipiendi
707 3545 864 3625 emriculi
886 3546 986 3615 etiam
1002 3545 1111 3637 apud'
1126 3566 1190 3615 nos
1217 3543 1255 3633 in¹

139 3647 265 3719 scholis
284 3649 490 3736 equestribus
511 3659 677 3736 servatur,
718 3659 820 3738 atque
841 3651 887 3716 ob
911 3650 1068 3718 eamdem
1089 3670 1252 3733 caussam,

139 3768 243 3839 quam
267 3775 289 3819 a
310 3751 540 3842 Xenophonte
561 3753 653 3821 clare
673 3775 863 3843 expressam
883 3776 951 3825 uon
969 3752 1133 3821 intellexit
1151 3750 1253 3821 Heus

138 3854 257 3940 bellus,
281 3876 326 3922 ne
341 3876 458 3942 equus,
484 3857 594 3923 statim
608 3858 651 3924 ab
666 3856 760 3931 initio
776 3856 822 3924 ad
837 3856 1036 3925 celeriorem
1050 3878 1187 3929 cursum
1198 3853 1253 3923 in·

139 3956 275 4041 citatus,
309 3957 513 4028 ferociorem
532 3983 568 4027 se
591 3961 763 4051 praebeat.
812 3959 937 4028 Solent
956 3961 1045 4029 enim
1068 3959 1163 4048 equi,
1189 3957 1257 4029 nis'r

138 4057 243 4151 plane
260 4061 385 4157 ignavi,
410 4063 438 4129 si
458 4064 503 4130 ab
521 4064 614 4131 initio
627 4062 822 4132 concitatius
840 4063 974 4156 ingredi
988 4073 1172 4156 cogantur,
1184 4062 1255 4131 trs

139 4161 245 4250 quieti
264 4175 298 4231 et
322 4165 368 4233 sd
391 4166 562 4236 lasciviam
590 4167 690 4258 proni
714 4190 800 4235 esse:
834 4169 930 4257 quod
957 4176 1090 4253 conta,
1124 4166 1158 4235 si
1174 4165 1259 4235 satis

140 4264 320 4355 fflnqrrille
345 4270 712 4360 internumerari
733 4270 929 4342 lemeissiui
951 4271 1053 4340 facile
1078 4268 1259 4339 obediunt.
