2826 4904
227 276 411 342 PROSAE
438 277 497 338 ΕΤ
523 275 765 344 ΡΟΕΤΙΟΔΕ
792 274 1069 342 ouanonis.
1160 282 1207 347 db

88 450 160 537 rei,
203 451 311 539 qualis
344 472 410 539 per
440 471 477 518 se
509 455 578 534 est,
617 448 849 540 cognitionem
874 457 1023 538 spectat,
1059 449 1204 520 maxime

88 553 240 621 omnium
258 555 400 644 simplex
415 575 456 620 ac
469 552 609 642 planum
623 576 704 620 esse.
755 549 950 621 Secumdum
974 576 1100 644 genus,
1125 555 1203 642 quia

88 657 160 725 vim
174 657 347 726 declarare
362 656 482 741 debet,
506 678 609 743 quam
623 656 736 744 aliqua
749 678 802 723 res
821 655 866 722 ad
880 655 980 722 animi
992 679 1123 724 sensum
1138 657 1205 724 ha-

89 760 189 847 beat,
224 761 447 829 concitatione
478 759 626 846 quadam
655 758 795 849 indiget.
853 758 1035 826 Pellcndus
1059 760 1147 826 enim
1171 767 1206 827 et

90 863 356 932 commovendus
368 871 417 930 est
437 862 582 946 animus,
606 871 730 928 utrem
741 883 809 928 non
822 871 993 950 tamquam
1007 863 1051 929 ab
1071 886 1106 930 se
1120 862 1205 931 alie-

90 989 170 1033 nam
189 966 395 1049 consideret,
422 965 483 1033 sed
503 965 641 1053 aliquod
656 973 865 1031 momentum
883 962 1012 1032 habere
1028 965 1073 1031 ad
1085 966 1204 1035 incun-

91 1069 234 1138 ditatem
251 1068 428 1158 intelligat.
493 1068 537 1135 ld
554 1069 659 1159 igitur
679 1069 726 1136 sic
755 1066 972 1137 efficiendum
995 1078 1045 1136 est
1068 1069 1205 1153 oratori,

91 1180 131 1239 ut
145 1173 213 1241 sive
234 1172 381 1261 apertius
400 1172 467 1239 sive
488 1172 606 1239 tectius
623 1195 663 1241 ea
676 1172 712 1239 in
723 1180 871 1238 mentem
885 1170 1090 1238 auditoribus
1102 1194 1204 1240 revo-

92 1284 166 1360 cet,
190 1298 278 1365 qnae
296 1275 395 1342 simul
419 1284 549 1341 etcum
569 1298 624 1358 re,
651 1273 696 1342 de
710 1297 777 1362 qua
795 1272 895 1358 dicit,
921 1272 1097 1342 coniuncta
1118 1297 1204 1360 esse,
1272 1352 1275 1359 ,

90 1388 127 1446 et
142 1380 187 1446 ab
202 1377 408 1446 auditoribus
431 1399 473 1444 eo
492 1376 619 1462 studio,
646 1377 739 1465 quod
752 1399 818 1467 pro
836 1397 951 1445 caussa
972 1400 1031 1444 sua
1048 1400 1204 1446 commo-

90 1504 172 1549 vere
194 1483 285 1566 vult,
311 1480 421 1570 accipi
440 1479 562 1547 videat.
612 1480 653 1548 ln
674 1505 743 1570 qua
761 1503 800 1548 re
822 1479 909 1549 illud
934 1480 1204 1550 efficacissimum

90 1594 144 1651 est
164 1586 409 1668 adiumentum,
436 1582 530 1671 quod
552 1581 726 1668 homines,
750 1584 799 1651 uti
820 1583 904 1650 alios
930 1583 1041 1650 animo
1062 1582 1204 1650 affectos

89 1687 222 1773 vident,
247 1689 295 1754 ita
319 1686 383 1776 ipsi
398 1687 519 1755 iisdem
538 1688 684 1754 motibus
700 1687 796 1778 tangi
807 1685 1064 1775 perturbarique
1085 1685 1203 1752 solent.

89 1790 132 1858 ln
150 1792 212 1858 illo
236 1789 381 1878 denique
403 1789 558 1856 orationis
578 1812 723 1880 genere,
750 1789 845 1877 quod
864 1789 963 1856 tertio
983 1788 1063 1858 loco
1084 1811 1205 1856 nume·

88 1894 251 1977 ravimus,
278 1916 384 1982 quum
402 1916 472 1960 non
491 1892 600 1959 solum
621 1916 718 1962 sensu
736 1893 851 1982 aliquo
866 1892 1038 1961 afficiendi
1053 1893 1117 1959 sint
1131 1892 1204 1959 ani-

87 1996 156 2081 mi,
181 1997 241 2065 sed
257 1997 366 2064 studia
386 1998 488 2064 etiam
513 1995 705 2082 excitanda,
731 1996 999 2088 cupiditatesque
1019 1995 1203 2067 incenden-

87 2098 174 2186 dae,
208 2101 309 2169 etiam
327 2102 434 2168 maior
458 2101 527 2185 vis,
559 2111 738 2189 motusque
759 2100 993 2168 vehementior
1014 2098 1203 2186 requiritur,

85 2226 195 2290 qnam
215 2204 250 2268 in
270 2204 418 2270 secundo
439 2225 575 2292 genere.
637 2204 759 2289 Neque
788 2202 876 2266 enim
900 2200 976 2266 satis
997 2209 1045 2267 est
1066 2201 1203 2284 oratori,

85 2303 352 2372 demonstrando
373 2304 531 2384 efficere,
560 2311 599 2368 ut
619 2302 764 2391 eligere,
789 2300 873 2389 quid
895 2301 1039 2387 faciant,
1068 2300 1204 2370 audito-

84 2431 143 2476 res
166 2405 314 2496 possint,
340 2404 401 2472 sed
420 2403 591 2473 deducere
610 2404 714 2472 debet
732 2413 859 2471 mentes
875 2426 1011 2487 eorum,
1035 2404 1127 2471 unde
1142 2428 1202 2473 ve·

87 2511 146 2594 lit,
174 2518 227 2593 et,
254 2530 323 2596 quo
345 2508 446 2592 velit,
473 2507 698 2597 compellere,
724 2518 824 2596 atque
844 2507 979 2574 omnino
996 2507 1043 2573 ita
1063 2509 1204 2574 constri-

89 2623 161 2682 ctas
181 2621 312 2698 tenere,
345 2621 384 2678 ut
404 2611 571 2678 contraria
604 2611 739 2679 consilia
764 2634 808 2678 ne
830 2633 931 2700 posse
951 2609 1089 2699 quidem
1111 2611 1206 2700 sequi

90 2717 273 2784 rideantur.
323 2713 442 2803 ltaque
457 2714 492 2780 in
513 2713 582 2784 hoc
598 2714 738 2804 quidem
754 2736 882 2808 genere
901 2715 1048 2782 maxima
1062 2714 1110 2783 vis
1125 2737 1205 2782 ora-

89 2820 170 2887 toris
182 2819 351 2907 uirtusque
366 2819 534 2889 elucescit.

438 3120 509 3182 De
558 3121 851 3185 dictione.

172 3311 265 3382 ‘Sed
284 3321 505 3402 posteaquam
528 3310 573 3379 de
594 3312 853 3403 cogitationibus
876 3311 1130 3403 explicavimus,
1151 3311 1203 3381 ad

90 3439 280 3485 sermonem
301 3414 557 3507 adgrediemur,
591 3415 684 3484 cuius
707 3438 790 3503 quas
809 3415 950 3485 fecimus
974 3417 1056 3484 duas
1078 3426 1203 3508 partes,

90 3519 275 3588 dictionem
290 3529 391 3607 atque
406 3519 648 3613 elocutionem,
678 3540 720 3586 ex
732 3519 772 3586 iis
786 3519 903 3609 primo*
913 3518 958 3589 de
975 3520 1123 3590 dictione
1144 3537 1254 3600 err-15

88 3645 265 3714 ponemus.
317 3624 370 3692 Ac
382 3620 564 3690 dictionem
580 3644 658 3690 eum
667 3644 826 3691 vocamus
838 3624 1083 3695 vocabulomm
1095 3645 1203 3706 usum,

89 3748 195 3815 quem
213 3725 349 3818 notitiae
375 3734 410 3792 et
430 3727 668 3817 cogitationes,
707 3748 794 3815 quae
815 3728 986 3796 vocabulis
1005 3726 1203 3812 indicantur,

90 3828 238 3919 exigunt.
289 3829 391 3896 Hunc
405 3851 471 3920 pro
489 3828 557 3896 line
570 3850 694 3918 prosae
718 3831 874 3897 orationis
897 3837 931 3898 et
943 3849 1087 3920 poeseos
1103 3836 1203 3915 quat-

89 3939 170 3999 tuor
186 3931 297 4000 modis
318 3929 530 4000 considerare
553 3931 735 4022 oportebit.
787 3932 923 4002 Etenim
944 3938 978 4000 et
1001 3930 1076 4020 ipsa
1098 3950 1203 3997 voca-

88 4033 189 4122 bula,
214 4058 302 4124 qnae
321 4034 492 4123 utriusque
512 4035 644 4127 generis
662 4033 801 4127 propria
827 4043 920 4120 sunt,
952 4031 1097 4124 spectari
1118 4053 1203 4101 con-

87 4139 181 4206 venit
200 4149 236 4206 et
255 4137 431 4228 qualitates
450 4139 712 4224 vocabulorum,
735 4138 773 4207 id
796 4147 844 4208 est
864 4136 1141 4231 significationes,
1168 4144 1203 4207 et

86 4262 229 4328 nexum
255 4243 316 4333 qni
335 4240 461 4335 positus
482 4249 531 4310 cst
549 4242 585 4313 in
603 4240 866 4329 constructione,
901 4250 935 4310 et
957 4263 1033 4310 cam
1055 4240 1203 4333 deniqne
