2826 4904
141 285 195 351 un
213 284 327 347 ιιιιιι.
345 281 449 358 οιιιι
467 252 613 345 carru
623 281 767 348 menss
779 283 925 361 soron.
936 285 1128 354 moretur.
1169 293 1214 356 ιο

98 482 185 560 την·
235 460 276 534 ir
279 482 430 585 Μμιιιριμ
394 456 471 532 δὲ
486 453 880 552 όναλαμβανομένοιι
853 457 1090 534 αναπῖπτειν·
1140 456 1208 559 ἠτ·

99 590 169 636 τον
182 589 252 657 γαρ
268 561 314 634 οἷν
335 553 446 640 αὐτός
459 554 647 634 ιιόπτοιτο.
699 562 797 646 Quae
816 585 917 631 nemo
939 573 988 632 est
1004 564 1213 652 equitationis

99 689 170 735 non
189 666 293 757 plane
312 665 504 755 imperitus,
536 664 618 753 quin
638 660 683 733 de
702 688 792 754 equo
815 665 851 734 in
870 667 984 736 medio
1009 689 1109 738 cursu
1128 688 1213 768 οοιι-

99 773 214 859 sistere
235 777 355 839 coacto
373 767 597 858 intelligenda
617 789 688 836 esse
707 770 860 836 fateatur.
911 770 1010 855 Quae
1034 756 1213 861 praeterea

98 874 204 943 verba
225 879 470 942 commemorat
489 870 667 956 Pollux,
656 893 692 940 ιιι
716 870 769 940 his
794 872 889 962 quod
911 875 1058 964 primum
1085 875 1212 964 posuit,

98 977 284 1065 κατέχειν,
309 963 431 1042 vereor
467 996 510 1040 ne
542 996 611 1040 ιιοιι
640 975 681 1041 sit
721 975 799 1042 artis
833 978 992 1064 equestris
1024 979 1210 1069 proprium.

99 1077 293 1149 Occurrit
283 1101 318 1144 ιιι
341 1076 523 1166 Symposio
545 1076 817 1166 Xenophonteo,
852 1079 912 1146 ubi
946 1078 1034 1148 haec
1066 1080 1111 1147 de
1143 1081 1212 1150 So-
1316 1150 1319 1155 ,

99 1191 193 1252 crate
203 1181 430 1271 scnptasnnt:
456 1175 537 1266 ὅτι,
542 1180 654 1299 ἔφή,
643 1178 756 1275 ,όριῖ
771 1179 829 1253 καὶ
847 1208 933 1262 τους
949 1176 1212 1277 ἱππιιοόιβον·
1281 1220 1285 1231 ·

98 1287 273 1376 λομόνοιις
286 1284 479 1375 γενέσθαι,
508 1277 551 1353 ον’
564 1309 649 1363 τους
665 1277 994 1409 οιιίιειθερτότοιις,
1013 1278 1106 1358 ἄλλα
1126 1279 1212 1367 roric
1327 1305 1330 1315 ’

98 1390 342 1480 δομοιιδιῖς“
323 1385 451 1464 ιιιποιις
466 1384 684 1477 κτωμένους
737 1384 923 1478 νομίζουσι
945 1381 1036 1485 μόρ,
1062 1387 1106 1485 ἠν
1126 1381 1212 1469 τοίδς

98 1482 292 1569 τοιοότοος
323 1482 503 1560 δύνωνται
530 1487 716 1577 κατέχειν,
760 1488 890 1585 ῥᾳδίως
920 1496 996 1572 τοῖς
1019 1517 1060 1582 ys
1091 1488 1212 1571 ἄλλοις

100 1599 222 1672 ἵπποις
250 1587 462 1688 χρήσεσδαι.
516 1583 732 1710 Ηρεμίζειν
761 1600 855 1659 recte
882 1593 993 1681 potuit
1019 1591 1147 1676 afferri,
1173 1600 1213 1659 nt

97 1694 192 1764 idem
211 1694 306 1784 qnod
329 1684 602 1784 όναλαμβόνιιν
623 1693 822 1784 significans.
848 1694 1043 1785 Xenophon
1058 1695 1134 1762 Vll.
1152 1691 1211 1762 18.

98 1797 158 1870 ναὶ
175 1802 213 1875 ε’,ιι
227 1796 297 1868 τοῦ
311 1796 445 1885 ταχέως
459 1789 508 1864 αὖ
525 1790 569 1873 uic
584 1788 766 1886 ἐγγυτάτω
781 1791 971 1914 ἠριμίζοιν.
1023 1791 1141 1867 Νἰεί’
1115 1824 1211 1870 ανα-

97 1893 301 1994 λαμβάνειν
323 1896 551 1986 simpliciter
541 1919 577 1963 ιιι
606 1918 704 1966 cursu
730 1898 924 1986 consistere,
957 1897 1139 2000 ἠρεμῖζειν
1164 1901 1212 1967 ita

98 2003 296 2087 consistere,
327 2009 366 2067 nt
396 2000 638 2091 aliquantisper
658 2003 693 2070 in
719 2001 843 2070 eodem
863 2003 944 2073 loco
978 2026 1131 2089 maneas,
1157 2005 1211 2070 in-

97 2106 201 2175 dicat.
261 2104 420 2192 Sequitur
442 2105 531 2171 enim
558 2105 652 2196 apud
677 2104 958 2196 Xenophontem:
989 2106 1051 2179 ιιαὶ
1081 2111 1119 2178 οἰι
1141 2105 1212 2177 τοῦ

95 2201 250 2282 ἑστάναι
266 2206 305 2278 δὲ
322 2208 533 2299 στρέψαντα
549 2208 606 2276 δεῖ
618 2200 728 2279 πόλιν
745 2205 877 2300 ὁρμοῖν.
927 2208 982 2276 Αο
995 2209 1107 2275 firmat
1121 2206 1214 2275 hanc

93 2306 411 2398 interpretationem
448 2315 634 2394 cognatum
661 2307 868 2374 vocabulum
901 2303 1072 2403 ἠρεμεῖν,
1117 2306 1213 2398 quod

95 2411 269 2504 significat
290 2407 432 2475 retinere
456 2429 599 2501 equum,
637 2416 675 2475 ut
702 2410 899 2498 tranquillus
919 2420 999 2496 stet,
1034 2420 1110 2478 ante
1132 2433 1212 2482 cur-

97 2538 184 2584 snm.
244 2509 441 2638 Xenophon
471 2511 549 2579 vlt.
580 2508 614 2578 8.
648 2505 794 2584 ἑπειδόν
831 2540 872 2604 με
899 2506 974 2609 μήν
1005 2512 1213 2610 καθίζηται,

97 2643 246 2738 πρωτον
257 2614 326 2708 μὲν
343 2610 491 2710 ἠρεμεῖν
514 2615 572 2685 δεῖ
581 2606 825 2686 διδόσιιιιν
778 2642 845 2687 τον
857 2622 988 2702 ἵππον,
1016 2621 1079 2696 ἕως
1094 2615 1150 2693 οῖν
1153 2613 1214 2687 noi

97 2712 379 2850 όπρσπόσηται,
413 2713 457 2804 ἦν
484 2743 524 2788 τι
548 2717 707 2812 δέηται,
731 2743 790 2788 ιιαι
812 2744 879 2798 τας
902 2715 1004 2844 ἠνίας
1024 2711 1212 2817 ιὀωσήται,

98 2821 159 2895 ιιαῖ
180 2849 224 2894 το
254 2814 345 2914 δόριι
365 2811 508 2943 λόβή
480 2844 524 2898 ως
546 2817 592 2889 civ
614 2812 875 2940 εὐφορώτατον
890 2823 956 2914 εἴη.
1011 2821 1214 2911 (Exciderat

99 2925 258 2993 articulus
286 2930 363 2990 ante
380 2917 493 3042 ἠοῖαι
518 2929 552 2988 et
583 2932 660 2988 ante
682 2915 801 3043 δόρει)
852 2921 972 2991 ixa.
1005 2917 1152 2998 ε’πειδαν
1176 2920 1214 3007 δ’,

99 3025 238 3124 ἀναβῇ,
273 3016 542 3146 ἠρεμήσαντα
535 3023 642 3144 πλείω
664 3017 796 3119 χρόνον
831 3024 854 3120 ἠ
882 3016 950 3098 τόν
975 3022 1212 3118 ἐπιτυχόντα,

99 3127 196 3203 οὕτω
230 3152 413 3224 προκινειν
447 3119 562 3199 αὐτόν
602 3155 648 3208 ως
686 3152 911 3222 πραοτατοις
944 3128 1113 3225 σημείοις.
1169 3127 1213 3194 Id

95 3231 194 3324 apud
226 3254 288 3300 nos
316 3229 438 3297 holten
466 3228 598 3298 dicitur.
657 3226 860 3297 Ceterum'
837 3237 987 3325 ἠρεμεῖν
1004 3238 1038 3296 et
1059 3230 1103 3296 de
1120 3238 1214 3296 tran·

100 3335 209 3425 quillo
226 3334 306 3424 equi
333 3333 462 3453 incessu
484 3330 698 3452 intelligitur,
723 3331 783 3398 IX.
809 3325 899 3396 5.
876 3357 921 3423 ην
946 3332 984 3407 δε
1006 3330 1067 3403 καὶ
1093 3333 1142 3413 εἰς
1165 3325 1232 3405 τό

98 3438 245 3560 θήττον
279 3427 491 3553 ὁρμώμενον
530 3433 600 3506 rori
627 3432 761 3528 ιιαιροό
793 3427 1065 3528 όιιολαμβόνιιν
1098 3429 1213 3563 βοήλη

99 3535 168 3615 τόν
194 3537 396 3633 θυμοειδῆ,
424 3533 468 3610 ον’
494 3541 552 3609 δεῖ
574 3535 915 3619 ἑξαπιναίωςοποῖν,
941 3534 1057 3658 ἠλλ’
1034 3538 1214 3661 ηρεμαίως

99 3637 348 3767 προςόρεσδαι
370 3667 423 3734 τῳ
454 3640 610 3734 χαλινῷ,
644 3632 875 3735 πραΰνοντα,
918 3637 962 3712 ori
994 3635 1214 3732 βιαζόμενον

100 3742 264 3844 ἠρεμεῖν,
291 3753 326 3812 et
346 3742 391 3810 de
405 3744 535 3834 equite,
557 3744 616 3832 qui
635 3743 792 3811 immotus
807 3743 933 3811 sedet
922 3767 957 3810 ιιι
972 3765 1078 3832 equo,
1103 3742 1159 3808 lX.
1176 3739 1212 3808 9.

99 3849 264 3940 ’Λνέχειν
291 3847 454 3935 denique,
488 3854 791 3918 commemoratum
814 3870 835 3913 a
859 3846 1021 3929 Polluce,
1046 3866 1115 3911 non
1137 3865 1213 3911 me-

99 3951 180 4020 mini
213 3951 371 4042 legere
361 3973 397 4016 ιιι
431 3973 468 4017 re
501 3951 655 4037 equestri.
713 3949 818 4033 Quod
840 3949 978 4036 quidem
1000 3948 1159 4031 verbum,
1185 3947 1213 4014 si
1246 3954 1249 3962 “

99 4055 165 4123 tuit
189 4063 385 4146 usurpatum
407 4052 451 4118 ab
477 4055 553 4119 artis
573 4052 708 4142 peritis,
735 4052 899 4120 credibile
924 4059 972 4117 est
1000 4050 1094 4125 idem
1116 4050 1212 4139 quorl

63 4220 65 4224 .
99 4154 249 4254 ἠρεμεῖν
254 4212 269 4247 ,
296 4166 382 4224 stare
403 4174 492 4242 equo
513 4156 693 4245 tranquillo
720 4164 797 4222 ante
817 4176 966 4238 cursum,
998 4153 1211 4246 significasse.

98 4261 173 4331 Sed
210 4282 331 4329 vereor
373 4278 602 4350 magnopere,
651 4281 696 4326 ne
721 4256 792 4326 hoc
823 4278 892 4324 non
926 4257 1033 4350 magis
1061 4259 1102 4327 sit
1134 4259 1213 4327 artis
1285 4325 1288 4333 ,
