<?xml version="1.0" encoding="UTF-8"?>
<!DOCTYPE html PUBLIC "-//W3C//DTD XHTML 1.0 Transitional//EN"
    "http://www.w3.org/TR/xhtml1/DTD/xhtml1-transitional.dtd">
<html xmlns="http://www.w3.org/1999/xhtml" xml:lang="en" lang="en">
 <head>
  <title>
</title>
<meta http-equiv="Content-Type" content="text/html;charset=utf-8" />
  <meta name='ocr-system' content='tesseract 3.04.00' />
  <meta name='ocr-capabilities' content='ocr_page ocr_carea ocr_par ocr_line ocrx_word'/>
</head>
<body>
  <div class='ocr_page' id='page_1' title='image "./opuscula02hermgoog/opuscula02hermgoog_0356.png"; bbox 0 0 2826 4904; ppageno 0'>
   <div class='ocr_carea' id='block_1_1' title="bbox 236 339 1267 416">
    <p class='ocr_par' dir='ltr' id='par_1_1' title="bbox 236 339 1267 416">
     <span class='ocr_line' id='line_1_1' title="bbox 236 339 1267 416; baseline 0.012 -13"><span class='ocrx_word' id='word_1_1' title='bbox 236 339 379 409; x_wconf 70' lang='lat' dir='ltr'>SAXON.</span> <span class='ocrx_word' id='word_1_2' title='bbox 400 341 610 407; x_wconf 75' lang='lat' dir='ltr'>rmoufflco</span> <span class='ocrx_word' id='word_1_3' title='bbox 631 341 813 407; x_wconf 79' lang='lat' dir='ltr'>Avcvsro</span> <span class='ocrx_word' id='word_1_4' title='bbox 833 343 971 408; x_wconf 82' lang='lat' dir='ltr'><strong>NOMEN</strong></span> <span class='ocrx_word' id='word_1_5' title='bbox 990 345 1154 416; x_wconf 77' lang='lat' dir='ltr'>nnowu.</span> <span class='ocrx_word' id='word_1_6' title='bbox 1200 349 1267 415; x_wconf 72' lang='grc'>849</span> 
     </span>
    </p>
   </div>
   <div class='ocr_carea' id='block_1_2' title="bbox 147 513 1265 708">
    <p class='ocr_par' dir='ltr' id='par_1_2' title="bbox 147 513 1265 708">
     <span class='ocr_line' id='line_1_2' title="bbox 150 513 1265 609; baseline 0.004 -26"><span class='ocrx_word' id='word_1_7' title='bbox 150 513 280 605; x_wconf 83' lang='lat' dir='ltr'>campis</span> <span class='ocrx_word' id='word_1_8' title='bbox 294 513 377 583; x_wconf 88' lang='lat' dir='ltr'>belli</span> <span class='ocrx_word' id='word_1_9' title='bbox 397 514 494 583; x_wconf 82' lang='lat' dir='ltr'>furor</span> <span class='ocrx_word' id='word_1_10' title='bbox 517 525 742 608; x_wconf 71' lang='lat' dir='ltr'>grassaretur,</span> <span class='ocrx_word' id='word_1_11' title='bbox 767 524 846 608; x_wconf 91' lang='lat' dir='ltr'>post</span> <span class='ocrx_word' id='word_1_12' title='bbox 858 517 964 586; x_wconf 89' lang='lat' dir='ltr'>breve</span> <span class='ocrx_word' id='word_1_13' title='bbox 979 525 1116 609; x_wconf 88' lang='lat' dir='ltr'>tempus</span> <span class='ocrx_word' id='word_1_14' title='bbox 1135 539 1177 586; x_wconf 85' lang='lat' dir='ltr'>ex</span> <span class='ocrx_word' id='word_1_15' title='bbox 1188 539 1265 586; x_wconf 86' lang='lat' dir='ltr'>ma-</span> 
     </span>
     <span class='ocr_line' id='line_1_3' title="bbox 147 618 1265 708; baseline 0.004 -23"><span class='ocrx_word' id='word_1_16' title='bbox 147 618 210 705; x_wconf 89' lang='lat' dir='ltr'>lis,</span> <span class='ocrx_word' id='word_1_17' title='bbox 245 627 407 708; x_wconf 82' lang='lat' dir='ltr'>quantum</span> <span class='ocrx_word' id='word_1_18' title='bbox 429 618 573 703; x_wconf 79' lang='lat' dir='ltr'>licebat,</span> <span class='ocrx_word' id='word_1_19' title='bbox 605 620 755 705; x_wconf 85' lang='lat' dir='ltr'>liberati,</span> <span class='ocrx_word' id='word_1_20' title='bbox 788 629 822 689; x_wconf 89' lang='lat' dir='ltr'>et</span> <span class='ocrx_word' id='word_1_21' title='bbox 841 620 876 687; x_wconf 90' lang='lat' dir='ltr'>in</span> <span class='ocrx_word' id='word_1_22' title='bbox 893 620 1102 691; x_wconf 73' lang='lat' dir='ltr'>securitatem</span> <span class='ocrx_word' id='word_1_23' title='bbox 1124 621 1265 690; x_wconf 79' lang='lat' dir='ltr'>restituti</span> 
     </span>
    </p>
   </div>
   <div class='ocr_carea' id='block_1_3' title="bbox 147 721 1377 813">
    <p class='ocr_par' dir='ltr' id='par_1_3' title="bbox 147 721 1377 813">
     <span class='ocr_line' id='line_1_4' title="bbox 147 721 1377 813; baseline 0.002 -24"><span class='ocrx_word' id='word_1_24' title='bbox 147 742 270 789; x_wconf 79' lang='lat' dir='ltr'>sumus</span> <span class='ocrx_word' id='word_1_25' title='bbox 328 721 517 796; x_wconf 84' lang='lat' dir='ltr'>Scientibus</span> <span class='ocrx_word' id='word_1_26' title='bbox 534 721 706 810; x_wconf 84' lang='lat' dir='ltr'>dicerem,</span> <span class='ocrx_word' id='word_1_27' title='bbox 744 722 962 809; x_wconf 87' lang='lat' dir='ltr'>sidicerem,</span> <span class='ocrx_word' id='word_1_28' title='bbox 994 734 1118 813; x_wconf 89' lang='lat' dir='ltr'>quanta</span> <span class='ocrx_word' id='word_1_29' title='bbox 1141 723 1210 792; x_wconf 86' lang='lat' dir='ltr'>eius</span> <span class='ocrx_word' id='word_1_30' title='bbox 1228 724 1265 791; x_wconf 89' lang='lat' dir='ltr'>in</span> <span class='ocrx_word' id='word_1_31' title='bbox 1374 771 1377 778; x_wconf 79' lang='lat'>,</span> 
     </span>
    </p>
   </div>
   <div class='ocr_carea' id='block_1_4' title="bbox 91 821 1264 1639">
    <p class='ocr_par' dir='ltr' id='par_1_4' title="bbox 91 821 1264 1639">
     <span class='ocr_line' id='line_1_5' title="bbox 145 821 1264 916; baseline 0.004 -25"><span class='ocrx_word' id='word_1_32' title='bbox 145 821 200 891; x_wconf 85' lang='lat' dir='ltr'>his</span> <span class='ocrx_word' id='word_1_33' title='bbox 234 823 394 914; x_wconf 83' lang='lat' dir='ltr'>perieulis</span> <span class='ocrx_word' id='word_1_34' title='bbox 425 824 707 915; x_wconf 81' lang='lat' dir='ltr'>circumspectio,</span> <span class='ocrx_word' id='word_1_35' title='bbox 737 836 861 914; x_wconf 86' lang='lat' dir='ltr'>quanta</span> <span class='ocrx_word' id='word_1_36' title='bbox 892 826 1097 912; x_wconf 83' lang='lat' dir='ltr'>moderatio,</span> <span class='ocrx_word' id='word_1_37' title='bbox 1139 835 1264 916; x_wconf 80' lang='lat' dir='ltr'>quanta</span> 
     </span>
     <span class='ocr_line' id='line_1_6' title="bbox 146 926 1263 1018; baseline 0.004 -24"><span class='ocrx_word' id='word_1_38' title='bbox 146 926 313 995; x_wconf 83' lang='lat' dir='ltr'>fortitudo</span> <span class='ocrx_word' id='word_1_39' title='bbox 337 927 447 994; x_wconf 83' lang='lat' dir='ltr'>fuerit</span> <span class='ocrx_word' id='word_1_40' title='bbox 498 928 572 997; x_wconf 87' lang='lat' dir='ltr'>Nee</span> <span class='ocrx_word' id='word_1_41' title='bbox 595 928 664 998; x_wconf 89' lang='lat' dir='ltr'>dici</span> <span class='ocrx_word' id='word_1_42' title='bbox 685 929 1008 1018; x_wconf 85' lang='lat' dir='ltr'>commemorarique</span> <span class='ocrx_word' id='word_1_43' title='bbox 1025 929 1092 999; x_wconf 88' lang='lat' dir='ltr'>hae</span> <span class='ocrx_word' id='word_1_44' title='bbox 1106 952 1176 1013; x_wconf 88' lang='lat' dir='ltr'>res,</span> <span class='ocrx_word' id='word_1_45' title='bbox 1201 929 1263 999; x_wconf 87' lang='lat' dir='ltr'>sed</span> 
     </span>
     <span class='ocr_line' id='line_1_7' title="bbox 146 1029 1263 1124; baseline 0.001 -26"><span class='ocrx_word' id='word_1_46' title='bbox 146 1029 290 1122; x_wconf 83' lang='lat' dir='ltr'>eogitari</span> <span class='ocrx_word' id='word_1_47' title='bbox 312 1031 492 1119; x_wconf 84' lang='lat' dir='ltr'>sentirique</span> <span class='ocrx_word' id='word_1_48' title='bbox 514 1033 695 1120; x_wconf 89' lang='lat' dir='ltr'>postulant.</span> <span class='ocrx_word' id='word_1_49' title='bbox 746 1031 801 1099; x_wconf 86' lang='lat' dir='ltr'>Ea</span> <span class='ocrx_word' id='word_1_50' title='bbox 820 1041 876 1100; x_wconf 87' lang='lat' dir='ltr'>est.</span> <span class='ocrx_word' id='word_1_51' title='bbox 887 1032 975 1100; x_wconf 88' lang='lat' dir='ltr'>enim</span> <span class='ocrx_word' id='word_1_52' title='bbox 998 1034 1117 1123; x_wconf 88' lang='lat' dir='ltr'>optimi</span> <span class='ocrx_word' id='word_1_53' title='bbox 1133 1031 1263 1124; x_wconf 88' lang='lat' dir='ltr'>princi-</span> 
     </span>
     <span class='ocr_line' id='line_1_8' title="bbox 146 1131 1263 1223; baseline 0.004 -23"><span class='ocrx_word' id='word_1_54' title='bbox 146 1135 200 1223; x_wconf 85' lang='lat' dir='ltr'>pis</span> <span class='ocrx_word' id='word_1_55' title='bbox 222 1131 398 1218; x_wconf 87' lang='lat' dir='ltr'>modestia,</span> <span class='ocrx_word' id='word_1_56' title='bbox 421 1157 496 1201; x_wconf 86' lang='lat' dir='ltr'>rara</span> <span class='ocrx_word' id='word_1_57' title='bbox 512 1154 628 1203; x_wconf 81' lang='lat' dir='ltr'>eomes</span> <span class='ocrx_word' id='word_1_58' title='bbox 651 1133 840 1203; x_wconf 83' lang='lat' dir='ltr'>excelsioris</span> <span class='ocrx_word' id='word_1_59' title='bbox 854 1135 1027 1221; x_wconf 84' lang='lat' dir='ltr'>fortunae,</span> <span class='ocrx_word' id='word_1_60' title='bbox 1052 1136 1263 1205; x_wconf 85' lang='lat' dir='ltr'>utmemisso</span> 
     </span>
     <span class='ocr_line' id='line_1_9' title="bbox 147 1234 1263 1327; baseline 0.002 -24"><span class='ocrx_word' id='word_1_61' title='bbox 147 1234 303 1318; x_wconf 82' lang='lat' dir='ltr'>leudem,</span> <span class='ocrx_word' id='word_1_62' title='bbox 335 1258 438 1324; x_wconf 81' lang='lat' dir='ltr'>quum</span> <span class='ocrx_word' id='word_1_63' title='bbox 461 1259 502 1304; x_wconf 82' lang='lat' dir='ltr'>en</span> <span class='ocrx_word' id='word_1_64' title='bbox 520 1236 710 1327; x_wconf 85' lang='lat' dir='ltr'>praedicari</span> <span class='ocrx_word' id='word_1_65' title='bbox 731 1236 837 1310; x_wconf 85' lang='lat' dir='ltr'>malit.</span> <span class='ocrx_word' id='word_1_66' title='bbox 888 1237 1016 1326; x_wconf 84' lang='lat' dir='ltr'>ltaque-</span> <span class='ocrx_word' id='word_1_67' title='bbox 1028 1239 1197 1319; x_wconf 86' lang='lat' dir='ltr'>conticeat</span> <span class='ocrx_word' id='word_1_68' title='bbox 1217 1237 1263 1306; x_wconf 90' lang='lat' dir='ltr'>de</span> 
     </span>
     <span class='ocr_line' id='line_1_10' title="bbox 91 1337 1262 1430; baseline 0.003 -24"><span class='ocrx_word' id='word_1_69' title='bbox 91 1415 94 1418; x_wconf 49' lang='grc'><em>,</em></span> <span class='ocrx_word' id='word_1_70' title='bbox 146 1337 200 1406; x_wconf 87' lang='lat' dir='ltr'>his</span> <span class='ocrx_word' id='word_1_71' title='bbox 238 1339 340 1406; x_wconf 89' lang='lat' dir='ltr'>rebus</span> <span class='ocrx_word' id='word_1_72' title='bbox 370 1339 479 1407; x_wconf 88' lang='lat' dir='ltr'>oratio</span> <span class='ocrx_word' id='word_1_73' title='bbox 508 1349 637 1426; x_wconf 88' lang='lat' dir='ltr'>nostra,</span> <span class='ocrx_word' id='word_1_74' title='bbox 675 1362 759 1428; x_wconf 87' lang='lat' dir='ltr'>quas</span> <span class='ocrx_word' id='word_1_75' title='bbox 789 1363 833 1409; x_wconf 91' lang='lat' dir='ltr'>ne</span> <span class='ocrx_word' id='word_1_76' title='bbox 869 1349 984 1430; x_wconf 88' lang='lat' dir='ltr'>potest</span> <span class='ocrx_word' id='word_1_77' title='bbox 1010 1341 1149 1430; x_wconf 91' lang='lat' dir='ltr'>quidem</span> <span class='ocrx_word' id='word_1_78' title='bbox 1183 1340 1262 1409; x_wconf 85' lang='lat' dir='ltr'>satis</span> 
     </span>
     <span class='ocr_line' id='line_1_11' title="bbox 147 1440 1262 1533; baseline 0.004 -25"><span class='ocrx_word' id='word_1_79' title='bbox 147 1441 252 1533; x_wconf 80' lang='lat' dir='ltr'>digne</span> <span class='ocrx_word' id='word_1_80' title='bbox 273 1440 430 1526; x_wconf 88' lang='lat' dir='ltr'>laudare,</span> <span class='ocrx_word' id='word_1_81' title='bbox 465 1442 527 1510; x_wconf 88' lang='lat' dir='ltr'>nisi</span> <span class='ocrx_word' id='word_1_82' title='bbox 550 1444 609 1530; x_wconf 88' lang='lat' dir='ltr'>qui</span> <span class='ocrx_word' id='word_1_83' title='bbox 632 1443 707 1532; x_wconf 86' lang='lat' dir='ltr'>pari</span> <span class='ocrx_word' id='word_1_84' title='bbox 730 1443 764 1509; x_wconf 93' lang='lat' dir='ltr'>in</span> <span class='ocrx_word' id='word_1_85' title='bbox 785 1442 865 1512; x_wconf 86' lang='lat' dir='ltr'>loco</span> <span class='ocrx_word' id='word_1_86' title='bbox 894 1444 1091 1516; x_wconf 85' lang='lat' dir='ltr'>constitutus</span> <span class='ocrx_word' id='word_1_87' title='bbox 1111 1453 1145 1515; x_wconf 87' lang='lat' dir='ltr'>et</span> <span class='ocrx_word' id='word_1_88' title='bbox 1167 1442 1262 1512; x_wconf 85' lang='lat' dir='ltr'>diffi-</span> 
     </span>
     <span class='ocr_line' id='line_1_12' title="bbox 147 1545 1061 1639; baseline 0 -24"><span class='ocrx_word' id='word_1_89' title='bbox 147 1545 307 1615; x_wconf 82' lang='lat' dir='ltr'>cultatem</span> <span class='ocrx_word' id='word_1_90' title='bbox 321 1566 438 1615; x_wconf 85' lang='lat' dir='ltr'>earum</span> <span class='ocrx_word' id='word_1_91' title='bbox 459 1553 493 1614; x_wconf 89' lang='lat' dir='ltr'>et</span> <span class='ocrx_word' id='word_1_92' title='bbox 515 1545 708 1616; x_wconf 86' lang='lat' dir='ltr'>discrimina</span> <span class='ocrx_word' id='word_1_93' title='bbox 727 1553 776 1615; x_wconf 89' lang='lat' dir='ltr'>est</span> <span class='ocrx_word' id='word_1_94' title='bbox 798 1556 964 1639; x_wconf 82' lang='lat' dir='ltr'>expertus.</span> <span class='ocrx_word' id='word_1_95' title='bbox 1057 1597 1061 1603; x_wconf 83' lang='lat'><em>-</em></span> 
     </span>
    </p>
   </div>
   <div class='ocr_carea' id='block_1_5' title="bbox 100 1749 1333 4321">
    <p class='ocr_par' dir='ltr' id='par_1_5' title="bbox 100 1749 1333 4321">
     <span class='ocr_line' id='line_1_13' title="bbox 145 1749 1263 1845; baseline 0.006 -29"><span class='ocrx_word' id='word_1_96' title='bbox 145 1813 147 1816; x_wconf 11' lang='grc' dir='ltr'><em>Α</em></span> <span class='ocrx_word' id='word_1_97' title='bbox 202 1803 206 1811; x_wconf 93' lang='grc'><em>.</em></span> <span class='ocrx_word' id='word_1_98' title='bbox 243 1749 310 1818; x_wconf 87' lang='lat' dir='ltr'>Illa</span> <span class='ocrx_word' id='word_1_99' title='bbox 323 1771 425 1835; x_wconf 82' lang='lat' dir='ltr'>vero,</span> <span class='ocrx_word' id='word_1_100' title='bbox 451 1775 539 1841; x_wconf 86' lang='lat' dir='ltr'>quae</span> <span class='ocrx_word' id='word_1_101' title='bbox 564 1752 670 1821; x_wconf 89' lang='lat' dir='ltr'>altera</span> <span class='ocrx_word' id='word_1_102' title='bbox 692 1760 742 1821; x_wconf 88' lang='lat' dir='ltr'>est</span> <span class='ocrx_word' id='word_1_103' title='bbox 761 1753 933 1845; x_wconf 87' lang='lat' dir='ltr'>regiarum</span> <span class='ocrx_word' id='word_1_104' title='bbox 954 1753 1131 1838; x_wconf 83' lang='lat' dir='ltr'>virtutum,</span> <span class='ocrx_word' id='word_1_105' title='bbox 1156 1752 1263 1823; x_wconf 81' lang='lat' dir='ltr'>taceri</span> 
     </span>
     <span class='ocr_line' id='line_1_14' title="bbox 143 1854 1262 1948; baseline 0.004 -28"><span class='ocrx_word' id='word_1_106' title='bbox 143 1872 211 1920; x_wconf 89' lang='lat' dir='ltr'>uon</span> <span class='ocrx_word' id='word_1_107' title='bbox 225 1862 356 1945; x_wconf 87' lang='lat' dir='ltr'>potest,</span> <span class='ocrx_word' id='word_1_108' title='bbox 380 1854 518 1923; x_wconf 81' lang='lat' dir='ltr'>iustitia:</span> <span class='ocrx_word' id='word_1_109' title='bbox 543 1878 631 1945; x_wconf 84' lang='lat' dir='ltr'>quae</span> <span class='ocrx_word' id='word_1_110' title='bbox 645 1857 742 1948; x_wconf 85' lang='lat' dir='ltr'>regia</span> <span class='ocrx_word' id='word_1_111' title='bbox 762 1866 811 1924; x_wconf 91' lang='lat' dir='ltr'>est</span> <span class='ocrx_word' id='word_1_112' title='bbox 825 1856 946 1941; x_wconf 86' lang='lat' dir='ltr'>virtus,</span> <span class='ocrx_word' id='word_1_113' title='bbox 957 1879 1040 1926; x_wconf 48' lang='lat' dir='ltr'>,non</span> <span class='ocrx_word' id='word_1_114' title='bbox 1061 1856 1157 1946; x_wconf 91' lang='lat' dir='ltr'>quod</span> <span class='ocrx_word' id='word_1_115' title='bbox 1175 1878 1262 1948; x_wconf 89' lang='lat' dir='ltr'>pro·</span> 
     </span>
     <span class='ocr_line' id='line_1_15' title="bbox 142 1942 1333 2067; baseline 0.01 -44"><span class='ocrx_word' id='word_1_116' title='bbox 142 1942 219 2047; x_wconf 79' lang='lat' dir='ltr'>pria</span> <span class='ocrx_word' id='word_1_117' title='bbox 237 1957 279 2024; x_wconf 85' lang='lat' dir='ltr'>sit</span> <span class='ocrx_word' id='word_1_118' title='bbox 298 1978 439 2050; x_wconf 85' lang='lat' dir='ltr'>regum,</span> <span class='ocrx_word' id='word_1_119' title='bbox 464 1957 524 2027; x_wconf 91' lang='lat' dir='ltr'>sed</span> <span class='ocrx_word' id='word_1_120' title='bbox 538 1959 653 2048; x_wconf 88' lang='lat' dir='ltr'>quod,</span> <span class='ocrx_word' id='word_1_121' title='bbox 678 1982 784 2048; x_wconf 86' lang='lat' dir='ltr'>quum</span> <span class='ocrx_word' id='word_1_122' title='bbox 806 1960 851 2027; x_wconf 84' lang='lat' dir='ltr'>ab</span> <span class='ocrx_word' id='word_1_123' title='bbox 868 1981 952 2052; x_wconf 85' lang='lat' dir='ltr'>rege</span> <span class='ocrx_word' id='word_1_124' title='bbox 968 1961 1079 2028; x_wconf 85' lang='lat' dir='ltr'>aliena</span> <span class='ocrx_word' id='word_1_125' title='bbox 1092 1968 1159 2045; x_wconf 87' lang='lat' dir='ltr'>est,</span> <span class='ocrx_word' id='word_1_126' title='bbox 1181 1983 1261 2067; x_wconf 54' lang='lat' dir='ltr'>&gt;mp-</span> <span class='ocrx_word' id='word_1_127' title='bbox 1330 2030 1333 2035; x_wconf 84' lang='grc'><strong>.</strong></span> 
     </span>
     <span class='ocr_line' id='line_1_16' title="bbox 142 2058 1258 2159; baseline 0.006 -31"><span class='ocrx_word' id='word_1_128' title='bbox 142 2058 195 2150; x_wconf 80' lang='lat' dir='ltr'>gis</span> <span class='ocrx_word' id='word_1_129' title='bbox 218 2068 321 2149; x_wconf 85' lang='lat' dir='ltr'>atque</span> <span class='ocrx_word' id='word_1_130' title='bbox 338 2061 490 2153; x_wconf 82' lang='lat' dir='ltr'>aegrius,</span> <span class='ocrx_word' id='word_1_131' title='bbox 515 2084 619 2150; x_wconf 90' lang='lat' dir='ltr'>quam</span> <span class='ocrx_word' id='word_1_132' title='bbox 639 2063 674 2129; x_wconf 91' lang='lat' dir='ltr'>in</span> <span class='ocrx_word' id='word_1_133' title='bbox 696 2085 911 2152; x_wconf 88' lang='lat' dir='ltr'>quocumque</span> <span class='ocrx_word' id='word_1_134' title='bbox 926 2064 1010 2148; x_wconf 88' lang='lat' dir='ltr'>alio,</span> <span class='ocrx_word' id='word_1_135' title='bbox 1036 2062 1258 2159; x_wconf 71' lang='lat' dir='ltr'>desideratur.</span> 
     </span>
     <span class='ocr_line' id='line_1_17' title="bbox 141 2162 1260 2259; baseline 0.005 -30"><span class='ocrx_word' id='word_1_136' title='bbox 141 2162 230 2230; x_wconf 82' lang='lat' dir='ltr'>Nam</span> <span class='ocrx_word' id='word_1_137' title='bbox 246 2162 274 2230; x_wconf 89' lang='lat' dir='ltr'>si</span> <span class='ocrx_word' id='word_1_138' title='bbox 294 2164 368 2252; x_wconf 89' lang='lat' dir='ltr'>quis</span> <span class='ocrx_word' id='word_1_139' title='bbox 388 2175 482 2236; x_wconf 87' lang='lat' dir='ltr'>recte</span> <span class='ocrx_word' id='word_1_140' title='bbox 499 2167 673 2234; x_wconf 85' lang='lat' dir='ltr'>aestimare</span> <span class='ocrx_word' id='word_1_141' title='bbox 686 2167 786 2254; x_wconf 86' lang='lat' dir='ltr'>velit,</span> <span class='ocrx_word' id='word_1_142' title='bbox 811 2189 921 2256; x_wconf 91' lang='lat' dir='ltr'>neque</span> <span class='ocrx_word' id='word_1_143' title='bbox 937 2168 1035 2259; x_wconf 85' lang='lat' dir='ltr'>regia</span> <span class='ocrx_word' id='word_1_144' title='bbox 1056 2174 1123 2251; x_wconf 87' lang='lat' dir='ltr'>est,</span> <span class='ocrx_word' id='word_1_145' title='bbox 1148 2187 1260 2253; x_wconf 85' lang='lat' dir='ltr'>neque</span> 
     </span>
     <span class='ocr_line' id='line_1_18' title="bbox 140 2266 1260 2358; baseline 0.004 -25"><span class='ocrx_word' id='word_1_146' title='bbox 140 2266 273 2355; x_wconf 82' lang='lat' dir='ltr'>privata</span> <span class='ocrx_word' id='word_1_147' title='bbox 295 2266 415 2353; x_wconf 85' lang='lat' dir='ltr'>virtus,</span> <span class='ocrx_word' id='word_1_148' title='bbox 442 2267 523 2351; x_wconf 87' lang='lat' dir='ltr'>sed,</span> <span class='ocrx_word' id='word_1_149' title='bbox 548 2268 644 2358; x_wconf 94' lang='lat' dir='ltr'>quod</span> <span class='ocrx_word' id='word_1_150' title='bbox 660 2269 766 2338; x_wconf 87' lang='lat' dir='ltr'>maius</span> <span class='ocrx_word' id='word_1_151' title='bbox 786 2277 836 2336; x_wconf 84' lang='lat' dir='ltr'>est</span> <span class='ocrx_word' id='word_1_152' title='bbox 858 2279 960 2358; x_wconf 81' lang='lat' dir='ltr'>etque</span> <span class='ocrx_word' id='word_1_153' title='bbox 982 2266 1142 2338; x_wconf 85' lang='lat' dir='ltr'>exeelsius</span> <span class='ocrx_word' id='word_1_154' title='bbox 1164 2278 1260 2337; x_wconf 88' lang='lat' dir='ltr'>utro-</span> 
     </span>
     <span class='ocr_line' id='line_1_19' title="bbox 141 2366 1259 2457; baseline 0.004 -20"><span class='ocrx_word' id='word_1_155' title='bbox 141 2390 227 2457; x_wconf 74' lang='lat' dir='ltr'>que,</span> <span class='ocrx_word' id='word_1_156' title='bbox 260 2366 419 2438; x_wconf 89' lang='lat' dir='ltr'>humana.</span> <span class='ocrx_word' id='word_1_157' title='bbox 470 2371 563 2440; x_wconf 88' lang='lat' dir='ltr'>Fons</span> <span class='ocrx_word' id='word_1_158' title='bbox 587 2373 645 2440; x_wconf 85' lang='lat' dir='ltr'>illa</span> <span class='ocrx_word' id='word_1_159' title='bbox 665 2382 716 2440; x_wconf 87' lang='lat' dir='ltr'>est</span> <span class='ocrx_word' id='word_1_160' title='bbox 741 2373 849 2439; x_wconf 90' lang='lat' dir='ltr'>omnis</span> <span class='ocrx_word' id='word_1_161' title='bbox 872 2370 1073 2456; x_wconf 72' lang='lat' dir='ltr'>honestatis,</span> <span class='ocrx_word' id='word_1_162' title='bbox 1109 2371 1259 2441; x_wconf 85' lang='lat' dir='ltr'>omnium</span> 
     </span>
     <span class='ocr_line' id='line_1_20' title="bbox 140 2471 1258 2561; baseline 0.003 -21"><span class='ocrx_word' id='word_1_163' title='bbox 140 2479 233 2554; x_wconf 83' lang='lat' dir='ltr'>reete</span> <span class='ocrx_word' id='word_1_164' title='bbox 247 2471 435 2557; x_wconf 80' lang='lat' dir='ltr'>factorum,</span> <span class='ocrx_word' id='word_1_165' title='bbox 461 2474 531 2542; x_wconf 84' lang='lat' dir='ltr'>dux</span> <span class='ocrx_word' id='word_1_166' title='bbox 546 2473 592 2542; x_wconf 87' lang='lat' dir='ltr'>ad</span> <span class='ocrx_word' id='word_1_167' title='bbox 613 2498 729 2543; x_wconf 89' lang='lat' dir='ltr'>veram</span> <span class='ocrx_word' id='word_1_168' title='bbox 753 2474 909 2561; x_wconf 88' lang='lat' dir='ltr'>laudem,</span> <span class='ocrx_word' id='word_1_169' title='bbox 934 2484 1041 2544; x_wconf 88' lang='lat' dir='ltr'>mater</span> <span class='ocrx_word' id='word_1_170' title='bbox 1058 2474 1258 2543; x_wconf 80' lang='lat' dir='ltr'>immortali·</span> 
     </span>
     <span class='ocr_line' id='line_1_21' title="bbox 140 2574 1260 2669; baseline 0.004 -27"><span class='ocrx_word' id='word_1_171' title='bbox 140 2574 235 2643; x_wconf 77' lang='lat' dir='ltr'>tatisr</span> <span class='ocrx_word' id='word_1_172' title='bbox 269 2598 373 2664; x_wconf 87' lang='lat' dir='ltr'>quam</span> <span class='ocrx_word' id='word_1_173' title='bbox 394 2575 525 2645; x_wconf 88' lang='lat' dir='ltr'>habere</span> <span class='ocrx_word' id='word_1_174' title='bbox 544 2600 681 2647; x_wconf 85' lang='lat' dir='ltr'>neeesse</span> <span class='ocrx_word' id='word_1_175' title='bbox 704 2587 768 2658; x_wconf 84' lang='lat' dir='ltr'>est3</span> <span class='ocrx_word' id='word_1_176' title='bbox 799 2599 867 2667; x_wconf 85' lang='lat' dir='ltr'>qua</span> <span class='ocrx_word' id='word_1_177' title='bbox 890 2600 1004 2648; x_wconf 84' lang='lat' dir='ltr'>carere</span> <span class='ocrx_word' id='word_1_178' title='bbox 1022 2588 1122 2669; x_wconf 88' lang='lat' dir='ltr'>turpe</span> <span class='ocrx_word' id='word_1_179' title='bbox 1144 2585 1193 2645; x_wconf 85' lang='lat' dir='ltr'>est</span> <span class='ocrx_word' id='word_1_180' title='bbox 1217 2597 1260 2646; x_wconf 86' lang='lat' dir='ltr'>ae</span> 
     </span>
     <span class='ocr_line' id='line_1_22' title="bbox 140 2676 1258 2772; baseline 0.001 -26"><span class='ocrx_word' id='word_1_181' title='bbox 140 2676 297 2746; x_wconf 83' lang='lat' dir='ltr'>foedum:</span> <span class='ocrx_word' id='word_1_182' title='bbox 333 2676 462 2769; x_wconf 82' lang='lat' dir='ltr'>quaes</span> <span class='ocrx_word' id='word_1_183' title='bbox 482 2702 551 2769; x_wconf 92' lang='lat' dir='ltr'>quo</span> <span class='ocrx_word' id='word_1_184' title='bbox 575 2682 687 2766; x_wconf 83' lang='lat' dir='ltr'>abest,</span> <span class='ocrx_word' id='word_1_185' title='bbox 722 2681 790 2750; x_wconf 78' lang='lat' dir='ltr'>sive</span> <span class='ocrx_word' id='word_1_186' title='bbox 809 2682 995 2772; x_wconf 86' lang='lat' dir='ltr'>privatum,</span> <span class='ocrx_word' id='word_1_187' title='bbox 1029 2683 1099 2750; x_wconf 88' lang='lat' dir='ltr'>sive</span> <span class='ocrx_word' id='word_1_188' title='bbox 1127 2703 1258 2772; x_wconf 88' lang='lat' dir='ltr'>regem,</span> 
     </span>
     <span class='ocr_line' id='line_1_23' title="bbox 141 2779 1258 2853; baseline 0.002 -4"><span class='ocrx_word' id='word_1_189' title='bbox 141 2801 182 2849; x_wconf 84' lang='lat' dir='ltr'>ex</span> <span class='ocrx_word' id='word_1_190' title='bbox 209 2779 385 2851; x_wconf 90' lang='lat' dir='ltr'>hominum</span> <span class='ocrx_word' id='word_1_191' title='bbox 416 2806 557 2852; x_wconf 92' lang='lat' dir='ltr'>numero</span> <span class='ocrx_word' id='word_1_192' title='bbox 589 2787 764 2853; x_wconf 85' lang='lat' dir='ltr'>submovet</span> <span class='ocrx_word' id='word_1_193' title='bbox 787 2793 834 2852; x_wconf 69' lang='lat' dir='ltr'>&#39;et</span> <span class='ocrx_word' id='word_1_194' title='bbox 863 2784 1010 2853; x_wconf 86' lang='lat' dir='ltr'>detrudit</span> <span class='ocrx_word' id='word_1_195' title='bbox 1042 2784 1089 2852; x_wconf 81' lang='lat' dir='ltr'>ad</span> <span class='ocrx_word' id='word_1_196' title='bbox 1117 2785 1258 2853; x_wconf 86' lang='lat' dir='ltr'>belluas.</span> 
     </span>
     <span class='ocr_line' id='line_1_24' title="bbox 138 2883 1259 2977; baseline 0.004 -26"><span class='ocrx_word' id='word_1_197' title='bbox 138 2883 375 2954; x_wconf 83' lang='lat' dir='ltr'>Existimabitis</span> <span class='ocrx_word' id='word_1_198' title='bbox 392 2887 547 2974; x_wconf 81' lang='lat' dir='ltr'>fortasse,</span> <span class='ocrx_word' id='word_1_199' title='bbox 572 2886 728 2955; x_wconf 87' lang='lat' dir='ltr'>iustitiam</span> <span class='ocrx_word' id='word_1_200' title='bbox 741 2888 861 2956; x_wconf 83' lang='lat' dir='ltr'>irriuria</span> <span class='ocrx_word' id='word_1_201' title='bbox 878 2888 948 2958; x_wconf 89' lang='lat' dir='ltr'>dici</span> <span class='ocrx_word' id='word_1_202' title='bbox 960 2888 1128 2974; x_wconf 86' lang='lat' dir='ltr'>virtutem,</span> <span class='ocrx_word' id='word_1_203' title='bbox 1151 2886 1259 2977; x_wconf 89' lang='lat' dir='ltr'>quod,</span> 
     </span>
     <span class='ocr_line' id='line_1_25' title="bbox 139 2985 1258 3083; baseline 0.005 -31"><span class='ocrx_word' id='word_1_204' title='bbox 139 2985 166 3052; x_wconf 88' lang='lat' dir='ltr'>si</span> <span class='ocrx_word' id='word_1_205' title='bbox 186 2987 260 3074; x_wconf 90' lang='lat' dir='ltr'>quis</span> <span class='ocrx_word' id='word_1_206' title='bbox 276 3011 350 3056; x_wconf 89' lang='lat' dir='ltr'>eam</span> <span class='ocrx_word' id='word_1_207' title='bbox 365 2990 555 3080; x_wconf 88' lang='lat' dir='ltr'>possideat,</span> <span class='ocrx_word' id='word_1_208' title='bbox 579 2991 606 3058; x_wconf 89' lang='lat' dir='ltr'>is</span> <span class='ocrx_word' id='word_1_209' title='bbox 621 2991 707 3059; x_wconf 86' lang='lat' dir='ltr'>nihil</span> <span class='ocrx_word' id='word_1_210' title='bbox 719 2989 862 3078; x_wconf 87' lang='lat' dir='ltr'>habeat,</span> <span class='ocrx_word' id='word_1_211' title='bbox 887 2992 949 3060; x_wconf 85' lang='lat' dir='ltr'>nisi</span> <span class='ocrx_word' id='word_1_212' title='bbox 968 2991 1063 3083; x_wconf 88' lang='lat' dir='ltr'>quod</span> <span class='ocrx_word' id='word_1_213' title='bbox 1080 2993 1196 3063; x_wconf 87' lang='lat' dir='ltr'>abesse</span> <span class='ocrx_word' id='word_1_214' title='bbox 1213 2991 1258 3058; x_wconf 88' lang='lat' dir='ltr'>ab</span> 
     </span>
     <span class='ocr_line' id='line_1_26' title="bbox 138 3086 1257 3182; baseline 0.005 -27"><span class='ocrx_word' id='word_1_215' title='bbox 138 3086 278 3158; x_wconf 88' lang='lat' dir='ltr'>homine</span> <span class='ocrx_word' id='word_1_216' title='bbox 297 3113 367 3159; x_wconf 91' lang='lat' dir='ltr'>non</span> <span class='ocrx_word' id='word_1_217' title='bbox 381 3095 506 3180; x_wconf 79' lang='lat' dir='ltr'>possit3</span> <span class='ocrx_word' id='word_1_218' title='bbox 531 3096 558 3160; x_wconf 86' lang='lat' dir='ltr'>si</span> <span class='ocrx_word' id='word_1_219' title='bbox 580 3097 655 3182; x_wconf 91' lang='lat' dir='ltr'>quis</span> <span class='ocrx_word' id='word_1_220' title='bbox 674 3104 787 3164; x_wconf 84' lang='lat' dir='ltr'>autem</span> <span class='ocrx_word' id='word_1_221' title='bbox 812 3119 853 3164; x_wconf 88' lang='lat' dir='ltr'>ea</span> <span class='ocrx_word' id='word_1_222' title='bbox 871 3095 1046 3164; x_wconf 88' lang='lat' dir='ltr'>destitutus</span> <span class='ocrx_word' id='word_1_223' title='bbox 1069 3097 1131 3178; x_wconf 87' lang='lat' dir='ltr'>sit,</span> <span class='ocrx_word' id='word_1_224' title='bbox 1165 3094 1257 3161; x_wconf 86' lang='lat' dir='ltr'>isne</span> 
     </span>
     <span class='ocr_line' id='line_1_27' title="bbox 138 3191 1257 3282; baseline 0.003 -23"><span class='ocrx_word' id='word_1_225' title='bbox 138 3191 179 3260; x_wconf 90' lang='lat' dir='ltr'>sit</span> <span class='ocrx_word' id='word_1_226' title='bbox 196 3191 338 3282; x_wconf 86' lang='lat' dir='ltr'>quidem</span> <span class='ocrx_word' id='word_1_227' title='bbox 357 3191 503 3260; x_wconf 88' lang='lat' dir='ltr'>hominis</span> <span class='ocrx_word' id='word_1_228' title='bbox 524 3195 604 3264; x_wconf 86' lang='lat' dir='ltr'>loco</span> <span class='ocrx_word' id='word_1_229' title='bbox 622 3195 810 3264; x_wconf 88' lang='lat' dir='ltr'>habendus.</span> <span class='ocrx_word' id='word_1_230' title='bbox 859 3197 907 3263; x_wconf 88' lang='lat' dir='ltr'>Et</span> <span class='ocrx_word' id='word_1_231' title='bbox 923 3204 1017 3266; x_wconf 88' lang='lat' dir='ltr'>recte</span> <span class='ocrx_word' id='word_1_232' title='bbox 1027 3198 1076 3263; x_wconf 83' lang='lat' dir='ltr'>ita</span> <span class='ocrx_word' id='word_1_233' title='bbox 1087 3195 1257 3262; x_wconf 82' lang='lat' dir='ltr'>existima-</span> 
     </span>
     <span class='ocr_line' id='line_1_28' title="bbox 138 3293 1256 3387; baseline 0.003 -25"><span class='ocrx_word' id='word_1_234' title='bbox 138 3295 235 3381; x_wconf 87' lang='lat' dir='ltr'>retis,</span> <span class='ocrx_word' id='word_1_235' title='bbox 267 3295 346 3380; x_wconf 87' lang='lat' dir='ltr'>nisi‚</span> <span class='ocrx_word' id='word_1_236' title='bbox 371 3293 465 3387; x_wconf 88' lang='lat' dir='ltr'>proh</span> <span class='ocrx_word' id='word_1_237' title='bbox 490 3295 607 3382; x_wconf 92' lang='lat' dir='ltr'>dolor,</span> <span class='ocrx_word' id='word_1_238' title='bbox 641 3306 692 3364; x_wconf 92' lang='lat' dir='ltr'>tot</span> <span class='ocrx_word' id='word_1_239' title='bbox 712 3296 889 3364; x_wconf 90' lang='lat' dir='ltr'>hominum</span> <span class='ocrx_word' id='word_1_240' title='bbox 909 3297 1148 3386; x_wconf 84' lang='lat' dir='ltr'>cuiuscumque</span> <span class='ocrx_word' id='word_1_241' title='bbox 1169 3318 1256 3366; x_wconf 91' lang='lat' dir='ltr'>eon-</span> 
     </span>
     <span class='ocr_line' id='line_1_29' title="bbox 137 3397 1255 3491; baseline 0.006 -27"><span class='ocrx_word' id='word_1_242' title='bbox 137 3397 289 3483; x_wconf 88' lang='lat' dir='ltr'>ditionis,</span> <span class='ocrx_word' id='word_1_243' title='bbox 313 3408 366 3468; x_wconf 90' lang='lat' dir='ltr'>tot</span> <span class='ocrx_word' id='word_1_244' title='bbox 382 3399 482 3468; x_wconf 86' lang='lat' dir='ltr'>etiam</span> <span class='ocrx_word' id='word_1_245' title='bbox 494 3421 617 3490; x_wconf 89' lang='lat' dir='ltr'>regum</span> <span class='ocrx_word' id='word_1_246' title='bbox 628 3401 785 3491; x_wconf 83' lang='lat' dir='ltr'>exempla</span> <span class='ocrx_word' id='word_1_247' title='bbox 802 3407 983 3485; x_wconf 83' lang='lat' dir='ltr'>exstarent,</span> <span class='ocrx_word' id='word_1_248' title='bbox 1009 3421 1156 3490; x_wconf 92' lang='lat' dir='ltr'>quorum</span> <span class='ocrx_word' id='word_1_249' title='bbox 1174 3423 1255 3471; x_wconf 88' lang='lat' dir='ltr'>cru-</span> 
     </span>
     <span class='ocr_line' id='line_1_30' title="bbox 138 3499 1255 3590; baseline 0.003 -20"><span class='ocrx_word' id='word_1_250' title='bbox 138 3499 229 3570; x_wconf 89' lang='lat' dir='ltr'>delia</span> <span class='ocrx_word' id='word_1_251' title='bbox 253 3511 355 3590; x_wconf 86' lang='lat' dir='ltr'>atque</span> <span class='ocrx_word' id='word_1_252' title='bbox 376 3503 534 3571; x_wconf 86' lang='lat' dir='ltr'>immania</span> <span class='ocrx_word' id='word_1_253' title='bbox 559 3503 652 3572; x_wconf 82' lang='lat' dir='ltr'>facta</span> <span class='ocrx_word' id='word_1_254' title='bbox 680 3502 913 3590; x_wconf 89' lang='lat' dir='ltr'>ostenderunt,</span> <span class='ocrx_word' id='word_1_255' title='bbox 945 3504 1027 3572; x_wconf 82' lang='lat' dir='ltr'>vitio</span> <span class='ocrx_word' id='word_1_256' title='bbox 1049 3525 1182 3589; x_wconf 87' lang='lat' dir='ltr'>carere,</span> <span class='ocrx_word' id='word_1_257' title='bbox 1216 3502 1255 3573; x_wconf 89' lang='lat' dir='ltr'>id</span> 
     </span>
     <span class='ocr_line' id='line_1_31' title="bbox 137 3604 1256 3697; baseline 0.002 -25"><span class='ocrx_word' id='word_1_258' title='bbox 137 3626 209 3672; x_wconf 86' lang='lat' dir='ltr'>esse</span> <span class='ocrx_word' id='word_1_259' title='bbox 224 3604 378 3679; x_wconf 79' lang='lat' dir='ltr'>virtutem</span> <span class='ocrx_word' id='word_1_260' title='bbox 391 3607 581 3676; x_wconf 87' lang='lat' dir='ltr'>dicendum.</span> <span class='ocrx_word' id='word_1_261' title='bbox 632 3607 683 3695; x_wconf 88' lang='lat' dir='ltr'>ls,</span> <span class='ocrx_word' id='word_1_262' title='bbox 708 3606 768 3695; x_wconf 93' lang='lat' dir='ltr'>qui</span> <span class='ocrx_word' id='word_1_263' title='bbox 787 3606 861 3697; x_wconf 89' lang='lat' dir='ltr'>ipse</span> <span class='ocrx_word' id='word_1_264' title='bbox 883 3606 986 3675; x_wconf 89' lang='lat' dir='ltr'>iustus</span> <span class='ocrx_word' id='word_1_265' title='bbox 1008 3618 1074 3693; x_wconf 90' lang='lat' dir='ltr'>est,</span> <span class='ocrx_word' id='word_1_266' title='bbox 1098 3611 1168 3676; x_wconf 76' lang='lat' dir='ltr'>nee*</span> <span class='ocrx_word' id='word_1_267' title='bbox 1177 3607 1256 3674; x_wconf 77' lang='lat' dir='ltr'>rir-</span> 
     </span>
     <span class='ocr_line' id='line_1_32' title="bbox 100 3707 1254 3800; baseline 0.004 -27"><span class='ocrx_word' id='word_1_268' title='bbox 100 3775 106 3784; x_wconf 76' lang='grc'><em>,</em></span> <span class='ocrx_word' id='word_1_269' title='bbox 136 3709 214 3775; x_wconf 87' lang='lat' dir='ltr'>tutis</span> <span class='ocrx_word' id='word_1_270' title='bbox 230 3707 309 3778; x_wconf 85' lang='lat' dir='ltr'>looo</span> <span class='ocrx_word' id='word_1_271' title='bbox 331 3720 485 3779; x_wconf 87' lang='lat' dir='ltr'>numerat</span> <span class='ocrx_word' id='word_1_272' title='bbox 501 3710 674 3796; x_wconf 87' lang='lat' dir='ltr'>iustitiam,</span> <span class='ocrx_word' id='word_1_273' title='bbox 706 3732 770 3780; x_wconf 87' lang='lat' dir='ltr'>nee</span> <span class='ocrx_word' id='word_1_274' title='bbox 792 3708 931 3779; x_wconf 83' lang='lat' dir='ltr'>laudem</span> <span class='ocrx_word' id='word_1_275' title='bbox 955 3733 997 3778; x_wconf 86' lang='lat' dir='ltr'>ea</span> <span class='ocrx_word' id='word_1_276' title='bbox 1021 3707 1254 3800; x_wconf 70' lang='lat' dir='ltr'>quaeritr-sed</span> 
     </span>
     <span class='ocr_line' id='line_1_33' title="bbox 136 3808 1254 3904; baseline 0.004 -28"><span class='ocrx_word' id='word_1_277' title='bbox 136 3808 207 3895; x_wconf 89' lang='lat' dir='ltr'>illi,</span> <span class='ocrx_word' id='word_1_278' title='bbox 232 3811 277 3879; x_wconf 87' lang='lat' dir='ltr'>ad</span> <span class='ocrx_word' id='word_1_279' title='bbox 301 3834 385 3900; x_wconf 88' lang='lat' dir='ltr'>quos</span> <span class='ocrx_word' id='word_1_280' title='bbox 406 3813 581 3883; x_wconf 85' lang='lat' dir='ltr'>iniustitiae</span> <span class='ocrx_word' id='word_1_281' title='bbox 602 3812 764 3904; x_wconf 87' lang='lat' dir='ltr'>pestifera</span> <span class='ocrx_word' id='word_1_282' title='bbox 783 3812 917 3899; x_wconf 85' lang='lat' dir='ltr'>damna,</span> <span class='ocrx_word' id='word_1_283' title='bbox 937 3813 1078 3883; x_wconf 86' lang='lat' dir='ltr'>iustitiae</span> <span class='ocrx_word' id='word_1_284' title='bbox 1092 3814 1254 3884; x_wconf 87' lang='lat' dir='ltr'>salutares</span> 
     </span>
     <span class='ocr_line' id='line_1_34' title="bbox 136 3911 1253 4006; baseline 0.004 -25"><span class='ocrx_word' id='word_1_285' title='bbox 136 3911 266 3983; x_wconf 81' lang='lat' dir='ltr'>fluetus</span> <span class='ocrx_word' id='word_1_286' title='bbox 282 3917 468 4005; x_wconf 84' lang='lat' dir='ltr'>pertinent,</span> <span class='ocrx_word' id='word_1_287' title='bbox 492 3917 543 3984; x_wconf 89' lang='lat' dir='ltr'>illi</span> <span class='ocrx_word' id='word_1_288' title='bbox 559 3917 713 4002; x_wconf 83' lang='lat' dir='ltr'>denium,</span> <span class='ocrx_word' id='word_1_289' title='bbox 738 3925 900 4005; x_wconf 90' lang='lat' dir='ltr'>quantum</span> <span class='ocrx_word' id='word_1_290' title='bbox 912 3915 985 3987; x_wconf 87' lang='lat' dir='ltr'>hoc</span> <span class='ocrx_word' id='word_1_291' title='bbox 998 3918 1058 4003; x_wconf 89' lang='lat' dir='ltr'>sit,</span> <span class='ocrx_word' id='word_1_292' title='bbox 1083 3938 1253 4006; x_wconf 89' lang='lat' dir='ltr'>quamque</span> 
     </span>
     <span class='ocr_line' id='line_1_35' title="bbox 135 4018 1322 4113; baseline 0.005 -30"><span class='ocrx_word' id='word_1_293' title='bbox 135 4025 327 4107; x_wconf 86' lang='lat' dir='ltr'>praestans,</span> <span class='ocrx_word' id='word_1_294' title='bbox 352 4021 476 4088; x_wconf 86' lang='lat' dir='ltr'>iustum</span> <span class='ocrx_word' id='word_1_295' title='bbox 488 4037 576 4106; x_wconf 84' lang='lat' dir='ltr'>esse,</span> <span class='ocrx_word' id='word_1_296' title='bbox 602 4027 844 4113; x_wconf 80' lang='lat' dir='ltr'>cognoverunt</span> <span class='ocrx_word' id='word_1_297' title='bbox 894 4020 970 4091; x_wconf 88' lang='lat' dir='ltr'>Nee</span> <span class='ocrx_word' id='word_1_298' title='bbox 984 4043 1063 4090; x_wconf 85' lang='lat' dir='ltr'>saue</span> <span class='ocrx_word' id='word_1_299' title='bbox 1085 4018 1157 4091; x_wconf 88' lang='lat' dir='ltr'>hoc</span> <span class='ocrx_word' id='word_1_300' title='bbox 1176 4020 1254 4089; x_wconf 84' lang='lat' dir='ltr'>leve</span> <span class='ocrx_word' id='word_1_301' title='bbox 1315 4024 1322 4049; x_wconf 80' lang='lat'>⁸</span> 
     </span>
     <span class='ocr_line' id='line_1_36' title="bbox 114 4119 1253 4218; baseline 0.003 -31"><span class='ocrx_word' id='word_1_302' title='bbox 114 4195 117 4200; x_wconf 54' lang='grc'><em>,</em></span> <span class='ocrx_word' id='word_1_303' title='bbox 135 4119 326 4210; x_wconf 87' lang='lat' dir='ltr'>putandum</span> <span class='ocrx_word' id='word_1_304' title='bbox 341 4132 391 4191; x_wconf 89' lang='lat' dir='ltr'>est</span> <span class='ocrx_word' id='word_1_305' title='bbox 405 4132 463 4218; x_wconf 71' lang='lat' dir='ltr'>sut</span> <span class='ocrx_word' id='word_1_306' title='bbox 475 4123 579 4194; x_wconf 81' lang='lat' dir='ltr'>facile</span> <span class='ocrx_word' id='word_1_307' title='bbox 594 4147 680 4209; x_wconf 86' lang='lat' dir='ltr'>esse,</span> <span class='ocrx_word' id='word_1_308' title='bbox 705 4122 903 4213; x_wconf 74' lang='lat' dir='ltr'>praesertim</span> <span class='ocrx_word' id='word_1_309' title='bbox 918 4123 953 4191; x_wconf 91' lang='lat' dir='ltr'>in</span> <span class='ocrx_word' id='word_1_310' title='bbox 968 4145 1025 4214; x_wconf 89' lang='lat' dir='ltr'>eo,</span> <span class='ocrx_word' id='word_1_311' title='bbox 1051 4147 1153 4214; x_wconf 90' lang='lat' dir='ltr'>quem</span> <span class='ocrx_word' id='word_1_312' title='bbox 1175 4145 1253 4191; x_wconf 89' lang='lat' dir='ltr'>mu-</span> 
     </span>
     <span class='ocr_line' id='line_1_37' title="bbox 136 4223 1253 4321; baseline 0.004 -31"><span class='ocrx_word' id='word_1_313' title='bbox 136 4223 224 4291; x_wconf 91' lang='lat' dir='ltr'>neris</span> <span class='ocrx_word' id='word_1_314' title='bbox 247 4224 439 4316; x_wconf 87' lang='lat' dir='ltr'>amplitudo</span> <span class='ocrx_word' id='word_1_315' title='bbox 461 4226 574 4293; x_wconf 78' lang='lat' dir='ltr'>multis</span> <span class='ocrx_word' id='word_1_316' title='bbox 603 4234 637 4295; x_wconf 90' lang='lat' dir='ltr'>et</span> <span class='ocrx_word' id='word_1_317' title='bbox 655 4226 830 4321; x_wconf 83' lang='lat' dir='ltr'>perplexis</span> <span class='ocrx_word' id='word_1_318' title='bbox 855 4225 1008 4317; x_wconf 82' lang='lat' dir='ltr'>implicat</span> <span class='ocrx_word' id='word_1_319' title='bbox 1029 4227 1253 4320; x_wconf 76' lang='lat' dir='ltr'>negotiiszin</span> 
     </span>
    </p>
   </div>
   <div class='ocr_carea' id='block_1_6' title="bbox 126 4325 1252 4435">
    <p class='ocr_par' dir='ltr' id='par_1_6' title="bbox 126 4325 1252 4435">
     <span class='ocr_line' id='line_1_38' title="bbox 126 4325 1252 4435; baseline 0.002 -38"><span class='ocrx_word' id='word_1_320' title='bbox 126 4325 266 4435; x_wconf 70' lang='lat' dir='ltr'>ouibus.</span> <span class='ocrx_word' id='word_1_321' title='bbox 279 4349 383 4422; x_wconf 81' lang='lat' dir='ltr'>saepe</span> <span class='ocrx_word' id='word_1_322' title='bbox 408 4329 578 4424; x_wconf 87' lang='lat' dir='ltr'>ambigui,</span> <span class='ocrx_word' id='word_1_323' title='bbox 610 4351 714 4423; x_wconf 84' lang='lat' dir='ltr'>saepe</span> <span class='ocrx_word' id='word_1_324' title='bbox 734 4329 868 4403; x_wconf 82' lang='lat' dir='ltr'>obscuri</span> <span class='ocrx_word' id='word_1_325' title='bbox 888 4337 963 4401; x_wconf 84' lang='lat' dir='ltr'>sunt</span> <span class='ocrx_word' id='word_1_326' title='bbox 983 4330 1126 4403; x_wconf 86' lang='lat' dir='ltr'>iustitiae</span> <span class='ocrx_word' id='word_1_327' title='bbox 1140 4337 1252 4428; x_wconf 74' lang='lat' dir='ltr'>atque</span> 
     </span>
    </p>
   </div>
   <div class='ocr_carea' id='block_1_7' title="bbox 0 0 1418 4904">
    <p class='ocr_par' dir='ltr' id='par_1_7' title="bbox 0 0 1418 4904">
     <span class='ocr_line' id='line_1_39' title="bbox 0 0 1418 4904; baseline 0 4"><span class='ocrx_word' id='word_1_328' title='bbox 0 0 1418 4904; x_wconf 95' lang='lat' dir='ltr'> </span> 
     </span>
    </p>
   </div>
  </div>
 </body>
</html>
