2826 4904
207 336 271 403 212
397 332 470 407 ,DE
498 330 797 415 rolucurrls
827 330 1108 409 Qvluvsolu

207 505 392 592 tenderim,
417 514 487 575 tam
505 505 689 575 necessario
709 503 920 572 omissionem
937 503 1005 588 rei,
1030 525 1119 592 quae
1142 501 1317 589 6666661,

207 611 346 702 respici,
371 619 410 678 ut
426 610 640 700 imperativus
657 607 839 698 praesentis
863 629 932 674 non
954 607 1058 697 possit
1076 605 1176 674 etiam
1191 606 1237 674 de
1258 606 1317 674 fu·

207 721 284 782 turo
307 713 390 781 dici:
420 713 500 780 vide
520 712 617 780 Iliad.
642 739 678 784 α.
707 708 793 778 363.
822 715 858 802 β.
889 706 975 776 165.
999 706 1120 800 (181.)
1158 706 1246 777 119.
1283 710 1314 782 6.

209 815 295 885 234.
313 843 344 889 a.
367 812 428 882 69.
448 813 533 882 249.
555 841 586 886 ν.
606 813 691 881 236.
718 839 748 886 ο.
771 810 858 880 426.
880 836 912 884 o.
930 809 991 880 14.
1014 838 1047 884 u.
1070 806 1156 879 354.
1173 839 1212 907 φ.
1227 809 1314 878 346.

208 946 242 1011 χ.
258 913 343 985 185.
358 945 395 990 ω.
410 915 494 986 111.
521 916 589 986 06.
613 944 643 1008 y.
660 912 721 982 96.
748 915 795 1005 (d.
822 912 924 1004 326.)
948 911 1088 987 6154.
1117 939 1150 1011 η.
1174 911 1235 981 31.
1254 910 1315 981 56.

208 1026 240 1094 λ.
266 1017 351 1088 359.
376 1045 408 1090 o.
433 1018 517 1088 199.
567 1018 621 1086 116
642 1018 856 1109 imperativus
880 1016 996 1084 tertiae
1020 1037 1185 1107 personae
1211 1038 1317 1105 quum

59 1110 66 1119 ’
210 1123 340 1213 aliquot
365 1122 450 1191 locis
482 1122 526 1190 de
551 1120 735 1189 omittendo
767 1119 911 1211 intelligi
934 1121 1056 1208 possit,
1093 1127 1131 1186 nt
1157 1119 1256 1188 lliad.
1279 1125 1316 1212 ,a

209 1223 296 1298 354.
313 1255 337 1298 ι.
358 1220 442 1292 345.
464 1252 495 1296 u.
520 1222 605 1293 383.
626 1251 656 1296 ο.
676 1219 759 1291 196.
775 1250 808 1294 τ.
833 1220 893 1289 29.
916 1220 984 1290 06.
1006 1250 1039 1294 α.
1065 1219 1152 1289 369.
1174 1229 1211 1316 β.
1231 1220 1316 1290 363.

210 1356 239 1402 a·
260 1325 398 1397 8166.
419 1354 450 1400 u.
467 1322 553 1394 595.
576 1354 605 1399 ν.
627 1324 712 1393 362.
730 1324 816 1392 421.
836 1351 873 1396 π.
895 1323 981 1392 436.
1008 1349 1041 1398 u.
1065 1323 1150 1392 368.
1172 1353 1211 1421 φ.
1230 1322 1316 1393 318.

209 1395 445 1499 tamerdetiam
475 1428 658 1498 defuturo
684 1427 985 1519 usurpaturlliad.
1013 1432 1049 1519 β.
1077 1426 1136 1495 33.
1171 1431 1203 1501 6.
1230 1426 1315 1494 393.

209 1529 295 1602 395.
316 1560 349 1630 η.
373 1532 458 1600 466.
481 1541 520 1605 d.
539 1529 576 1600 1.
597 1559 626 1603 κ.
647 1528 732 1601 192.
747 1555 778 1626 p.
797 1528 884 1598 422.
904 1555 937 1601 u.
953 1527 1037 1597 168.
1064 1528 1148 1598 121.
1170 1557 1208 1624 φ.
1231 1528 1316 1598 338.

210 1665 242 1729 χ.
269 1636 354 1703 243.
385 1662 423 1707 ω.
451 1633 535 1702 148.
565 1632 650 1701 181.
677 1633 745 1703 06.
777 1643 816 1707 θ.
843 1631 904 1699 43.
934 1659 971 1704 π.
999 1630 1085 1700 362.
1135 1633 1318 1701 Infinitivns

207 1738 389 1832 praesentis
412 1745 523 1805 autem
547 1759 612 1829 pro
629 1737 828 1828 imperativo
849 1735 980 1826 saepius
1003 1734 1181 1804 defuturo
1194 1736 1317 1803 intelli-

207 1843 318 1934 gitur,
349 1848 387 1908 ut
411 1840 508 1908 Iliad.
531 1867 558 1912 ε.
576 1838 661 1907 136.
683 1837 769 1907 666.
788 1866 819 1912 κ.
845 1837 930 1906 231.
950 1864 980 1909 ο.
1001 1835 1087 1905 159.
1111 1865 1147 1910 n.
1167 1837 1256 1907 839.
1277 1866 1314 1933 φ.

208 1942 293 2012 294.
306 1964 345 2036 ψ.
361 1940 421 2014 83.
436 1969 473 2014 ω.
487 1938 573 2010 592.
584 1940 653 2014 06.
668 1970 697 2013 κ.
711 1940 796 2009 536.
814 1944 844 2014 λ.
853 1940 912 2010 12.
925 1939 1012 2009 441.
1025 1968 1065 2013 π.
1078 1938 1163 2009 156.
1182 1968 1214 2038 p.
1230 1940 1316 2010 218.

209 2074 247 2142 φ.
264 2044 349 2112 238.
375 2042 489 2134 hymn.
506 2045 606 2113 Mero
632 2043 693 2112 92.
713 2045 815 2111 rarius
837 2044 880 2112 de
896 2043 1099 2130 omittendo,
1126 2054 1163 2111 61
1188 2043 1258 2116 0d.
1283 2070 1314 2117 σ.

208 2146 293 2216 166.
345 2147 531 2215 Praevideo
548 2146 685 2236 quidem
701 2146 794 2231 fore,
821 2146 879 2235 qui
892 2147 1065 2238 exempla,
1091 2155 1317 2236 quaentram-

205 2275 274 2340 que
308 2251 615 2340 interpretationem
643 2251 860 2335 confirment,
899 2249 985 2317 nihil
1016 2252 1163 2341 probare
1193 2250 1317 2320 (licant.

204 2354 270 2422 His
298 2354 519 2444 respondeo,
545 2355 707 2443 primum,
753 2376 839 2443 quae
872 2355 1012 2444 propria
1051 2353 1092 2421 sit
1128 2354 1318 2444 imperativi

207 2458 386 2548 praesentis
400 2457 615 2548 significatio,
639 2480 680 2524 ex
701 2457 828 2525 maiore
847 2465 958 2525 tamen
981 2477 1121 2524 numero
1142 2457 1317 2549 exemplo-

207 2583 282 2628 rum
301 2561 436 2650 colligi:
460 2559 607 2649 ideoque
635 2561 795 2650 exemplis
817 2582 893 2626 usus
918 2582 991 2627 sum
1016 2559 1111 2627 unius
1139 2561 1318 2652 scriptoris,

181 2672 247 2742 661
267 2663 404 2751 quidem
429 2664 516 2746 eius,
550 2686 652 2751 quem
679 2663 801 2731 caeteri
828 2663 899 2743 fere
922 2663 1015 2752 sequi
1035 2663 1160 2743 solent;
1196 2663 1319 2732 deinde

206 2766 384 2855 quoniam,
410 2765 478 2831 sive
500 2765 631 2831 omissio
652 2765 719 2832 sive
740 2787 808 2831 non
832 2765 980 2856 inceptio
1000 2765 1200 2857 imperetur,
1225 2765 1318 2834 futu-

205 2890 282 2936 rum
308 2875 439 2955 tempus
458 2868 649 2956 respicitur,
675 2868 749 2934 fieri
773 2890 841 2934 non
863 2870 1028 2958 potuisse,
1054 2869 1135 2958 quin
1156 2878 1227 2938 tam
1249 2870 1320 2939 exi-

206 2992 313 3062 guum
336 2969 512 3036 discrimen
534 2992 635 3060 saepe
656 2971 897 3061 negligeretur.

186 3224 192 3231 ,
307 3139 431 3208 Aoristi
444 3161 524 3206 vero
539 3140 752 3230 imperativus
773 3164 841 3208 non
862 3142 956 3212 iubet
972 3152 1094 3235 coepta
1107 3143 1235 3232 omitti,
1260 3142 1317 3213 sed

205 3244 280 3312 fieri
295 3243 405 3312 futura
418 3252 520 3317 vetat.
571 3244 668 3311 lliad.
693 3270 723 3318 σ.
748 3243 834 3318 134.

310 3374 401 3454 ollio?
416 3374 462 3454 ud
476 3381 545 3476 μὲν
560 3376 668 3478 μήπω
684 3376 885 3456 καταδύσεο
905 3375 1029 3474 uuilon
1045 3369 1190 3479 ”Appon

204 3534 294 3603 Vide
321 3533 389 3603 od.
422 3563 459 3606 ω.
484 3532 570 3608 248.
630 3535 736 3603 Aliud
766 3535 866 3604 huius
897 3536 1083 3626 imperativi
1112 3535 1314 3627 exemplum,

203 3637 301 3706 Iliad.
315 3665 347 3710 r.
362 3636 448 3704 463.
465 3637 566 3705 66616
583 3661 690 3728 nuper
703 3639 832 3706 sustulit
853 3660 969 3707 censor
986 3638 1130 3707 Homeri
1148 3639 1203 3712 66.
1217 3638 1316 3706 Wol-

203 3741 312 3808 116666
328 3740 362 3807 in
382 3740 474 3806 Diar.
495 3741 558 3806 litt.
577 3742 703 3808 leneus.
727 3738 838 3831 1869.
859 3765 891 3808 6.
908 3740 993 3809 248.
1016 3765 1052 3832 p.
1074 3738 1161 3814 168.
1214 3737 1315 3825 Quod

203 3845 232 3911 si
248 3844 315 3911 loci
337 3845 568 3932 reperiuntur,
593 3844 767 3933 inquibus
791 3845 931 3911 aoristus
951 3844 997 3912 ad
1021 3844 1233 3912 omissionem
1248 3852 1316 3911 tra·

201 3946 334 4015 1166666
348 3947 517 4030 videatur,
544 3945 672 4015 habent
692 3945 743 4014 illi
759 3956 871 4015 tamen
886 3947 1044 4015 idoneam
1059 3946 1314 4031 excusationem,

201 4050 332 4139 quippe
347 4071 452 4138 quum
474 4049 522 4117 sic
543 4048 690 4118 debeant
704 4051 864 4141 intelligi,
887 4059 925 4118 nt
944 4051 1017 4140 quis
1033 4058 1164 4121 vetetur
1181 4058 1241 4118 aut
1254 4049 1315 4117 ite-

202 4175 278 4221 rum
295 4152 426 4238 facere,
452 4151 667 4240 quodmodo
684 4153 821 4237 fecerit,
845 4160 882 4220 61
893 4151 991 4221 lliad.
1004 4157 1036 4226 6.
1053 4151 1141 4228 416.

302 4304 356 4400 τῷ
375 4299 429 4403 μή
451 4331 518 4400 μοι
535 4306 693 4406 πατέρας
711 4298 808 4379 πόθ’
834 4303 943 4405 ὁμοίῃ
965 4306 1074 4384 ἔνθεο
1097 4305 1212 4404 τιμῇ»
