<?xml version="1.0" encoding="UTF-8"?>
<!DOCTYPE html PUBLIC "-//W3C//DTD XHTML 1.0 Transitional//EN"
    "http://www.w3.org/TR/xhtml1/DTD/xhtml1-transitional.dtd">
<html xmlns="http://www.w3.org/1999/xhtml" xml:lang="en" lang="en">
 <head>
  <title>
</title>
<meta http-equiv="Content-Type" content="text/html;charset=utf-8" />
  <meta name='ocr-system' content='tesseract 3.04.00' />
  <meta name='ocr-capabilities' content='ocr_page ocr_carea ocr_par ocr_line ocrx_word'/>
</head>
<body>
  <div class='ocr_page' id='page_1' title='image "./opuscula02hermgoog/opuscula02hermgoog_0147.png"; bbox 0 0 2826 4904; ppageno 0'>
   <div class='ocr_carea' id='block_1_1' title="bbox 183 285 938 352">
    <p class='ocr_par' dir='ltr' id='par_1_1' title="bbox 183 285 938 352">
     <span class='ocr_line' id='line_1_1' title="bbox 183 285 938 352; baseline -0.008 0"><span class='ocrx_word' id='word_1_1' title='bbox 183 288 248 352; x_wconf 74' lang='lat'><strong>186</strong></span> <span class='ocrx_word' id='word_1_2' title='bbox 540 285 938 348; x_wconf 75' lang='lat' dir='ltr'><strong>ossuuvltuouss</strong></span> 
     </span>
    </p>
   </div>
   <div class='ocr_carea' id='block_1_2' title="bbox 102 456 1299 1556">
    <p class='ocr_par' dir='ltr' id='par_1_2' title="bbox 161 456 1299 1164">
     <span class='ocr_line' id='line_1_2' title="bbox 161 456 1297 550; baseline 0 -23"><span class='ocrx_word' id='word_1_3' title='bbox 161 458 251 548; x_wconf 77' lang='lat' dir='ltr'><strong>&#39;que</strong></span> <span class='ocrx_word' id='word_1_4' title='bbox 262 456 410 550; x_wconf 84' lang='lat' dir='ltr'><strong>graviter</strong></span> <span class='ocrx_word' id='word_1_5' title='bbox 420 467 562 543; x_wconf 86' lang='lat' dir='ltr'><strong>erraret,</strong></span> <span class='ocrx_word' id='word_1_6' title='bbox 586 458 662 547; x_wconf 91' lang='lat' dir='ltr'><strong>qni,</strong></span> <span class='ocrx_word' id='word_1_7' title='bbox 687 456 811 545; x_wconf 90' lang='lat' dir='ltr'><strong>siquid</strong></span> <span class='ocrx_word' id='word_1_8' title='bbox 826 456 1021 548; x_wconf 85' lang='lat' dir='ltr'><strong>Sophocles</strong></span> <span class='ocrx_word' id='word_1_9' title='bbox 1041 458 1076 524; x_wconf 90' lang='lat' dir='ltr'><strong>in</strong></span> <span class='ocrx_word' id='word_1_10' title='bbox 1091 456 1297 545; x_wconf 84' lang='lat' dir='ltr'><strong>Philocteta,</strong></span> 
     </span>
     <span class='ocr_line' id='line_1_3' title="bbox 182 559 1299 653; baseline -0.001 -21"><span class='ocrx_word' id='word_1_11' title='bbox 182 561 363 653; x_wconf 85' lang='lat' dir='ltr'>Euripides</span> <span class='ocrx_word' id='word_1_12' title='bbox 376 562 411 631; x_wconf 88' lang='lat' dir='ltr'><strong>in</strong></span> <span class='ocrx_word' id='word_1_13' title='bbox 424 560 631 646; x_wconf 80' lang='lat' dir='ltr'>Phoenissis,</span> <span class='ocrx_word' id='word_1_14' title='bbox 655 561 690 627; x_wconf 92' lang='lat' dir='ltr'><strong>in</strong></span> <span class='ocrx_word' id='word_1_15' title='bbox 711 559 847 646; x_wconf 86' lang='lat' dir='ltr'><strong>Oreste,</strong></span> <span class='ocrx_word' id='word_1_16' title='bbox 871 561 907 628; x_wconf 91' lang='lat' dir='ltr'><strong>in</strong></span> <span class='ocrx_word' id='word_1_17' title='bbox 927 559 1107 652; x_wconf 74' lang='lat' dir='ltr'><strong>iphigenia</strong></span> <span class='ocrx_word' id='word_1_18' title='bbox 1123 560 1299 631; x_wconf 84' lang='lat' dir='ltr'><strong>Aulidensi</strong></span> 
     </span>
     <span class='ocr_line' id='line_1_4' title="bbox 183 663 1297 756; baseline 0.002 -25"><span class='ocrx_word' id='word_1_19' title='bbox 183 665 397 756; x_wconf 78' lang='lat' dir='ltr'><strong>negligenter</strong></span> <span class='ocrx_word' id='word_1_20' title='bbox 421 665 639 754; x_wconf 83' lang='lat' dir='ltr'><strong>scripserunt,</strong></span> <span class='ocrx_word' id='word_1_21' title='bbox 672 663 764 731; x_wconf 89' lang='lat' dir='ltr'><strong>idem</strong></span> <span class='ocrx_word' id='word_1_22' title='bbox 785 683 844 730; x_wconf 91' lang='lat' dir='ltr'><strong>eos</strong></span> <span class='ocrx_word' id='word_1_23' title='bbox 865 663 929 732; x_wconf 91' lang='lat' dir='ltr'><strong>sibi</strong></span> <span class='ocrx_word' id='word_1_24' title='bbox 949 663 1127 753; x_wconf 89' lang='lat' dir='ltr'><strong>indulgere</strong></span> <span class='ocrx_word' id='word_1_25' title='bbox 1145 666 1297 753; x_wconf 89' lang='lat' dir='ltr'><strong>potuisse</strong></span> 
     </span>
     <span class='ocr_line' id='line_1_5' title="bbox 183 765 1294 858; baseline 0 -23"><span class='ocrx_word' id='word_1_26' title='bbox 183 768 218 835; x_wconf 89' lang='lat' dir='ltr'><strong>in</strong></span> <span class='ocrx_word' id='word_1_27' title='bbox 241 768 429 858; x_wconf 87' lang='lat' dir='ltr'><strong>Antigona,</strong></span> <span class='ocrx_word' id='word_1_28' title='bbox 460 768 495 835; x_wconf 90' lang='lat' dir='ltr'><strong>in</strong></span> <span class='ocrx_word' id='word_1_29' title='bbox 515 767 661 851; x_wconf 86' lang='lat' dir='ltr'><strong>Medea,</strong></span> <span class='ocrx_word' id='word_1_30' title='bbox 694 766 729 832; x_wconf 94' lang='lat' dir='ltr'><strong>in</strong></span> <span class='ocrx_word' id='word_1_31' title='bbox 754 765 947 835; x_wconf 77' lang='lat' dir='ltr'><strong>Heraclidis</strong></span> <span class='ocrx_word' id='word_1_32' title='bbox 971 765 1135 837; x_wconf 84' lang='lat' dir='ltr'><strong>crederet</strong></span> <span class='ocrx_word' id='word_1_33' title='bbox 1186 767 1294 835; x_wconf 91' lang='lat' dir='ltr'><strong>lmmo</strong></span> 
     </span>
     <span class='ocr_line' id='line_1_6' title="bbox 184 867 1295 959; baseline -0.001 -19"><span class='ocrx_word' id='word_1_34' title='bbox 184 869 336 954; x_wconf 87' lang='lat' dir='ltr'><strong>criticus,</strong></span> <span class='ocrx_word' id='word_1_35' title='bbox 376 877 555 959; x_wconf 90' lang='lat' dir='ltr'><strong>antequam</strong></span> <span class='ocrx_word' id='word_1_36' title='bbox 580 869 626 938; x_wconf 92' lang='lat' dir='ltr'><strong>ad</strong></span> <span class='ocrx_word' id='word_1_37' title='bbox 651 868 772 935; x_wconf 90' lang='lat' dir='ltr'><strong>harum</strong></span> <span class='ocrx_word' id='word_1_38' title='bbox 802 868 995 937; x_wconf 86' lang='lat' dir='ltr'><strong>fabularum</strong></span> <span class='ocrx_word' id='word_1_39' title='bbox 1029 867 1295 939; x_wconf 81' lang='lat' dir='ltr'><strong>emendationem</strong></span> 
     </span>
     <span class='ocr_line' id='line_1_7' title="bbox 171 971 1294 1062; baseline -0.002 -20"><span class='ocrx_word' id='word_1_40' title='bbox 171 971 344 1055; x_wconf 78' lang='lat' dir='ltr'><strong>accedet,</strong></span> <span class='ocrx_word' id='word_1_41' title='bbox 376 995 445 1061; x_wconf 92' lang='lat' dir='ltr'><strong>quo</strong></span> <span class='ocrx_word' id='word_1_42' title='bbox 480 994 634 1060; x_wconf 89' lang='lat' dir='ltr'><strong>quaeque</strong></span> <span class='ocrx_word' id='word_1_43' title='bbox 657 981 813 1062; x_wconf 91' lang='lat' dir='ltr'><strong>tempore</strong></span> <span class='ocrx_word' id='word_1_44' title='bbox 843 971 1047 1062; x_wconf 84' lang='lat' dir='ltr'><strong>scriptasit,</strong></span> <span class='ocrx_word' id='word_1_45' title='bbox 1080 979 1115 1038; x_wconf 91' lang='lat' dir='ltr'><strong>et</strong></span> <span class='ocrx_word' id='word_1_46' title='bbox 1139 973 1294 1061; x_wconf 90' lang='lat' dir='ltr'><strong>proinde,</strong></span> 
     </span>
     <span class='ocr_line' id='line_1_8' title="bbox 184 1073 1295 1164; baseline -0.002 -20"><span class='ocrx_word' id='word_1_47' title='bbox 184 1074 395 1164; x_wconf 80' lang='lat' dir='ltr'><strong>quantumin</strong></span> <span class='ocrx_word' id='word_1_48' title='bbox 418 1097 552 1164; x_wconf 88' lang='lat' dir='ltr'><strong>quaque</strong></span> <span class='ocrx_word' id='word_1_49' title='bbox 572 1085 629 1143; x_wconf 91' lang='lat' dir='ltr'><strong>aut</strong></span> <span class='ocrx_word' id='word_1_50' title='bbox 647 1075 744 1141; x_wconf 91' lang='lat' dir='ltr'><strong>studii</strong></span> <span class='ocrx_word' id='word_1_51' title='bbox 760 1083 818 1142; x_wconf 90' lang='lat' dir='ltr'><strong>aut</strong></span> <span class='ocrx_word' id='word_1_52' title='bbox 837 1074 984 1144; x_wconf 89' lang='lat' dir='ltr'><strong>incuriae</strong></span> <span class='ocrx_word' id='word_1_53' title='bbox 997 1073 1078 1141; x_wconf 82' lang='lat' dir='ltr'><strong>ferri</strong></span> <span class='ocrx_word' id='word_1_54' title='bbox 1094 1075 1219 1162; x_wconf 90' lang='lat' dir='ltr'><strong>possit,</strong></span> <span class='ocrx_word' id='word_1_55' title='bbox 1244 1076 1295 1142; x_wconf 93' lang='lat' dir='ltr'><strong>in-</strong></span> 
     </span>
    </p>

    <p class='ocr_par' dir='ltr' id='par_1_3' title="bbox 102 1176 1298 1556">
     <span class='ocr_line' id='line_1_9' title="bbox 102 1176 1297 1268; baseline 0 -21"><span class='ocrx_word' id='word_1_56' title='bbox 102 1250 105 1254; x_wconf 65' lang='lat'><strong>,</strong></span> <span class='ocrx_word' id='word_1_57' title='bbox 183 1177 372 1268; x_wconf 87' lang='lat' dir='ltr'><strong>vestigabit.</strong></span> <span class='ocrx_word' id='word_1_58' title='bbox 421 1179 520 1246; x_wconf 89' lang='lat' dir='ltr'><strong>Patet</strong></span> <span class='ocrx_word' id='word_1_59' title='bbox 539 1199 640 1262; x_wconf 87' lang='lat' dir='ltr'><strong>vero,</strong></span> <span class='ocrx_word' id='word_1_60' title='bbox 679 1176 820 1248; x_wconf 88' lang='lat' dir='ltr'><strong>vicissim</strong></span> <span class='ocrx_word' id='word_1_61' title='bbox 849 1199 869 1245; x_wconf 91' lang='lat' dir='ltr'><strong>e</strong></span> <span class='ocrx_word' id='word_1_62' title='bbox 896 1176 1071 1268; x_wconf 86' lang='lat' dir='ltr'><strong>diligentia</strong></span> <span class='ocrx_word' id='word_1_63' title='bbox 1096 1188 1224 1266; x_wconf 88' lang='lat' dir='ltr'><strong>poetae</strong></span> <span class='ocrx_word' id='word_1_64' title='bbox 1243 1179 1297 1247; x_wconf 87' lang='lat' dir='ltr'><strong>vel</strong></span> 
     </span>
     <span class='ocr_line' id='line_1_10' title="bbox 183 1277 1298 1371; baseline -0.005 -20"><span class='ocrx_word' id='word_1_65' title='bbox 183 1280 392 1371; x_wconf 89' lang='lat' dir='ltr'><strong>negligentia</strong></span> <span class='ocrx_word' id='word_1_66' title='bbox 415 1288 557 1349; x_wconf 88' lang='lat' dir='ltr'><strong>aetatem</strong></span> <span class='ocrx_word' id='word_1_67' title='bbox 581 1280 719 1348; x_wconf 83' lang='lat' dir='ltr'><strong>fabulae</strong></span> <span class='ocrx_word' id='word_1_68' title='bbox 743 1279 941 1353; x_wconf 78' lang='lat' dir='ltr'><strong>elucescere.</strong></span> <span class='ocrx_word' id='word_1_69' title='bbox 993 1280 1052 1347; x_wconf 86' lang='lat' dir='ltr'><strong>Sic</strong></span> <span class='ocrx_word' id='word_1_70' title='bbox 1081 1290 1157 1347; x_wconf 92' lang='lat' dir='ltr'><strong>ante</strong></span> <span class='ocrx_word' id='word_1_71' title='bbox 1175 1277 1298 1370; x_wconf 87' lang='lat' dir='ltr'><strong>Olym-</strong></span> 
     </span>
     <span class='ocr_line' id='line_1_11' title="bbox 182 1379 1296 1476; baseline 0.002 -26"><span class='ocrx_word' id='word_1_72' title='bbox 182 1381 323 1476; x_wconf 90' lang='lat' dir='ltr'><strong>piadem</strong></span> <span class='ocrx_word' id='word_1_73' title='bbox 338 1379 411 1450; x_wconf 83' lang='lat' dir='ltr'><strong>XC.</strong></span> <span class='ocrx_word' id='word_1_74' title='bbox 437 1383 584 1475; x_wconf 89' lang='lat' dir='ltr'><strong>graviter</strong></span> <span class='ocrx_word' id='word_1_75' title='bbox 604 1384 812 1474; x_wconf 89' lang='lat' dir='ltr'><strong>improbatus</strong></span> <span class='ocrx_word' id='word_1_76' title='bbox 834 1382 947 1451; x_wconf 85' lang='lat' dir='ltr'><strong>fuisset</strong></span> <span class='ocrx_word' id='word_1_77' title='bbox 966 1383 1130 1474; x_wconf 85' lang='lat' dir='ltr'><strong>tragicus,</strong></span> <span class='ocrx_word' id='word_1_78' title='bbox 1163 1385 1224 1473; x_wconf 92' lang='lat' dir='ltr'><strong>qui</strong></span> <span class='ocrx_word' id='word_1_79' title='bbox 1244 1394 1296 1452; x_wconf 89' lang='lat' dir='ltr'><strong>ta-</strong></span> 
     </span>
     <span class='ocr_line' id='line_1_12' title="bbox 183 1484 565 1556; baseline -0.003 -3"><span class='ocrx_word' id='word_1_80' title='bbox 183 1487 253 1556; x_wconf 92' lang='lat' dir='ltr'><strong>lem</strong></span> <span class='ocrx_word' id='word_1_81' title='bbox 267 1508 401 1555; x_wconf 89' lang='lat' dir='ltr'><strong>versum</strong></span> <span class='ocrx_word' id='word_1_82' title='bbox 414 1484 565 1555; x_wconf 83' lang='lat' dir='ltr'><strong>iecisset:</strong></span> 
     </span>
    </p>
   </div>
   <div class='ocr_carea' id='block_1_3' title="bbox 286 1614 1169 1718">
    <p class='ocr_par' dir='ltr' id='par_1_4' title="bbox 286 1614 1169 1718">
     <span class='ocr_line' id='line_1_13' title="bbox 286 1614 1169 1718; baseline -0.003 -24"><span class='ocrx_word' id='word_1_83' title='bbox 286 1621 332 1703; x_wconf 73' lang='lat' dir='ltr'><strong>cic</strong></span> <span class='ocrx_word' id='word_1_84' title='bbox 346 1615 459 1696; x_wconf 78' lang='grc' dir='ltr'><strong>πὸλυν</strong></span> <span class='ocrx_word' id='word_1_85' title='bbox 473 1618 623 1718; x_wconf 73' lang='grc' dir='ltr'><em>ἀπῆσθα</em></span> <span class='ocrx_word' id='word_1_86' title='bbox 648 1614 781 1716; x_wconf 72' lang='grc' dir='ltr'><em>χρόνον</em></span> <span class='ocrx_word' id='word_1_87' title='bbox 804 1625 842 1694; x_wconf 77' lang='grc' dir='ltr'><strong>ἐν</strong></span> <span class='ocrx_word' id='word_1_88' title='bbox 857 1616 1013 1700; x_wconf 75' lang='grc' dir='ltr'><em>Αὐλίδος</em></span> <span class='ocrx_word' id='word_1_89' title='bbox 1030 1626 1169 1713; x_wconf 81' lang='grc' dir='ltr'><strong><em>μυχοῖς.</em></strong></span> 
     </span>
    </p>
   </div>
   <div class='ocr_carea' id='block_1_4' title="bbox 40 1756 1376 3391">
    <p class='ocr_par' dir='ltr' id='par_1_5' title="bbox 151 1756 1299 2157">
     <span class='ocr_line' id='line_1_14' title="bbox 151 1756 1297 1850; baseline 0 -23"><span class='ocrx_word' id='word_1_90' title='bbox 151 1820 156 1836; x_wconf 87' lang='grc'><strong><em>,</em></strong></span> <span class='ocrx_word' id='word_1_91' title='bbox 184 1758 263 1827; x_wconf 85' lang='grc' dir='ltr'>Νοιι</span> <span class='ocrx_word' id='word_1_92' title='bbox 275 1779 429 1850; x_wconf 88' lang='lat' dir='ltr'><strong>possum,</strong></span> <span class='ocrx_word' id='word_1_93' title='bbox 454 1758 535 1848; x_wconf 92' lang='lat' dir='ltr'><strong>quin</strong></span> <span class='ocrx_word' id='word_1_94' title='bbox 550 1756 610 1826; x_wconf 91' lang='lat' dir='ltr'><strong>hic</strong></span> <span class='ocrx_word' id='word_1_95' title='bbox 630 1756 737 1825; x_wconf 88' lang='lat' dir='ltr'><strong>Rhesi</strong></span> <span class='ocrx_word' id='word_1_96' title='bbox 750 1757 953 1826; x_wconf 86' lang='lat' dir='ltr'><strong>mentionem</strong></span> <span class='ocrx_word' id='word_1_97' title='bbox 976 1756 1117 1843; x_wconf 90' lang='lat' dir='ltr'><strong>faciam,</strong></span> <span class='ocrx_word' id='word_1_98' title='bbox 1144 1757 1189 1825; x_wconf 90' lang='lat' dir='ltr'><strong>de</strong></span> <span class='ocrx_word' id='word_1_99' title='bbox 1204 1757 1297 1827; x_wconf 88' lang='lat' dir='ltr'><strong>euius</strong></span> 
     </span>
     <span class='ocr_line' id='line_1_15' title="bbox 183 1858 1298 1952; baseline -0.001 -23"><span class='ocrx_word' id='word_1_100' title='bbox 183 1860 321 1931; x_wconf 86' lang='lat' dir='ltr'><strong>fabulae</strong></span> <span class='ocrx_word' id='word_1_101' title='bbox 339 1861 501 1952; x_wconf 88' lang='lat' dir='ltr'><strong>scriptore</strong></span> <span class='ocrx_word' id='word_1_102' title='bbox 521 1861 760 1929; x_wconf 84' lang='lat' dir='ltr'><strong>diversissimae</strong></span> <span class='ocrx_word' id='word_1_103' title='bbox 781 1869 908 1928; x_wconf 83' lang='lat' dir='ltr'><strong>exstant</strong></span> <span class='ocrx_word' id='word_1_104' title='bbox 927 1860 1106 1929; x_wconf 92' lang='lat' dir='ltr'><strong>doctorum</strong></span> <span class='ocrx_word' id='word_1_105' title='bbox 1122 1858 1298 1928; x_wconf 90' lang='lat' dir='ltr'><strong>hominum</strong></span> 
     </span>
     <span class='ocr_line' id='line_1_16' title="bbox 184 1962 1298 2048; baseline 0.002 -18"><span class='ocrx_word' id='word_1_106' title='bbox 184 1964 372 2031; x_wconf 88' lang='lat' dir='ltr'><strong>sententiae.</strong></span> <span class='ocrx_word' id='word_1_107' title='bbox 425 1963 660 2048; x_wconf 89' lang='lat' dir='ltr'><strong>Valckenario,</strong></span> <span class='ocrx_word' id='word_1_108' title='bbox 686 1986 816 2033; x_wconf 91' lang='lat' dir='ltr'><strong>summo</strong></span> <span class='ocrx_word' id='word_1_109' title='bbox 836 1965 926 2047; x_wconf 85' lang='lat' dir='ltr'><strong>viro,</strong></span> <span class='ocrx_word' id='word_1_110' title='bbox 953 1985 1021 2029; x_wconf 92' lang='lat' dir='ltr'><strong>non</strong></span> <span class='ocrx_word' id='word_1_111' title='bbox 1040 1962 1185 2030; x_wconf 90' lang='lat' dir='ltr'><strong>absurda</strong></span> <span class='ocrx_word' id='word_1_112' title='bbox 1203 1963 1298 2032; x_wconf 73' lang='lat' dir='ltr'><strong>aide·</strong></span> 
     </span>
     <span class='ocr_line' id='line_1_17' title="bbox 184 2062 1299 2157; baseline 0 -24"><span class='ocrx_word' id='word_1_113' title='bbox 184 2065 283 2134; x_wconf 89' lang='lat' dir='ltr'><strong>batur</strong></span> <span class='ocrx_word' id='word_1_114' title='bbox 297 2065 404 2133; x_wconf 88' lang='lat' dir='ltr'><strong>Delrii</strong></span> <span class='ocrx_word' id='word_1_115' title='bbox 422 2066 585 2156; x_wconf 90' lang='lat' dir='ltr'><strong>suspicio,</strong></span> <span class='ocrx_word' id='word_1_116' title='bbox 610 2064 700 2133; x_wconf 90' lang='lat' dir='ltr'><strong>hanc</strong></span> <span class='ocrx_word' id='word_1_117' title='bbox 722 2064 875 2133; x_wconf 86' lang='lat' dir='ltr'><strong>fabulam</strong></span> <span class='ocrx_word' id='word_1_118' title='bbox 899 2066 943 2133; x_wconf 92' lang='lat' dir='ltr'><strong>ab</strong></span> <span class='ocrx_word' id='word_1_119' title='bbox 960 2065 1022 2132; x_wconf 93' lang='lat' dir='ltr'><strong>ilio</strong></span> <span class='ocrx_word' id='word_1_120' title='bbox 1035 2065 1202 2157; x_wconf 89' lang='lat' dir='ltr'><strong>Euripide</strong></span> <span class='ocrx_word' id='word_1_121' title='bbox 1219 2062 1299 2136; x_wconf 81' lang='lat' dir='ltr'><strong>scri-</strong></span> 
     </span>
    </p>

    <p class='ocr_par' dir='ltr' id='par_1_6' title="bbox 40 2167 1376 3391">
     <span class='ocr_line' id='line_1_18' title="bbox 40 2167 1300 2267; baseline 0.002 -31"><span class='ocrx_word' id='word_1_122' title='bbox 40 2168 43 2176; x_wconf 79' lang='grc'>’</span> <span class='ocrx_word' id='word_1_123' title='bbox 134 2177 279 2259; x_wconf 77' lang='lat' dir='ltr'><strong>luptam</strong></span> <span class='ocrx_word' id='word_1_124' title='bbox 288 2191 384 2267; x_wconf 67' lang='lat' dir='ltr'><strong>esse,</strong></span> <span class='ocrx_word' id='word_1_125' title='bbox 410 2168 470 2257; x_wconf 91' lang='lat' dir='ltr'><strong>qni</strong></span> <span class='ocrx_word' id='word_1_126' title='bbox 485 2167 591 2236; x_wconf 92' lang='lat' dir='ltr'><strong>nobili</strong></span> <span class='ocrx_word' id='word_1_127' title='bbox 604 2167 736 2258; x_wconf 90' lang='lat' dir='ltr'><strong>tragico</strong></span> <span class='ocrx_word' id='word_1_128' title='bbox 755 2191 775 2237; x_wconf 91' lang='lat' dir='ltr'><strong>e</strong></span> <span class='ocrx_word' id='word_1_129' title='bbox 796 2168 899 2237; x_wconf 87' lang='lat' dir='ltr'><strong>fratre</strong></span> <span class='ocrx_word' id='word_1_130' title='bbox 914 2191 1020 2258; x_wconf 92' lang='lat' dir='ltr'><strong>nepos</strong></span> <span class='ocrx_word' id='word_1_131' title='bbox 1044 2179 1115 2235; x_wconf 90' lang='lat' dir='ltr'><strong>erat</strong></span> <span class='ocrx_word' id='word_1_132' title='bbox 1138 2169 1188 2260; x_wconf 81' lang='lat'><strong>*).</strong></span> <span class='ocrx_word' id='word_1_133' title='bbox 1229 2170 1300 2238; x_wconf 79' lang='lat' dir='ltr'><strong>Re-</strong></span> 
     </span>
     <span class='ocr_line' id='line_1_19' title="bbox 184 2269 1298 2362; baseline -0.001 -21"><span class='ocrx_word' id='word_1_134' title='bbox 184 2271 367 2361; x_wconf 74' lang='lat' dir='ltr'><strong>centio&#39;rem</strong></span> <span class='ocrx_word' id='word_1_135' title='bbox 389 2293 460 2339; x_wconf 86' lang='lat' dir='ltr'><strong>esse</strong></span> <span class='ocrx_word' id='word_1_136' title='bbox 482 2270 634 2339; x_wconf 81' lang='lat' dir='ltr'><strong>fabulam</strong></span> <span class='ocrx_word' id='word_1_137' title='bbox 656 2269 726 2356; x_wconf 90' lang='lat' dir='ltr'><strong>his,</strong></span> <span class='ocrx_word' id='word_1_138' title='bbox 753 2294 835 2360; x_wconf 88' lang='lat' dir='ltr'><strong>quas</strong></span> <span class='ocrx_word' id='word_1_139' title='bbox 856 2274 898 2339; x_wconf 92' lang='lat' dir='ltr'><strong>ab</strong></span> <span class='ocrx_word' id='word_1_140' title='bbox 916 2269 1082 2362; x_wconf 88' lang='lat' dir='ltr'><strong>Euripide</strong></span> <span class='ocrx_word' id='word_1_141' title='bbox 1103 2270 1298 2343; x_wconf 87' lang='lat' dir='ltr'><strong>Mnesarchi</strong></span> 
     </span>
     <span class='ocr_line' id='line_1_20' title="bbox 183 2372 1300 2491; baseline 0.001 -49"><span class='ocrx_word' id='word_1_142' title='bbox 183 2374 209 2442; x_wconf 86' lang='lat' dir='ltr'><strong>f.</strong></span> <span class='ocrx_word' id='word_1_143' title='bbox 237 2374 376 2491; x_wconf 83' lang='lat' dir='ltr'><strong>scriptas</strong></span> <span class='ocrx_word' id='word_1_144' title='bbox 398 2372 582 2460; x_wconf 90' lang='lat' dir='ltr'><strong>habemus,</strong></span> <span class='ocrx_word' id='word_1_145' title='bbox 606 2396 676 2442; x_wconf 92' lang='lat' dir='ltr'><strong>non</strong></span> <span class='ocrx_word' id='word_1_146' title='bbox 696 2382 744 2441; x_wconf 89' lang='lat' dir='ltr'><strong>est</strong></span> <span class='ocrx_word' id='word_1_147' title='bbox 763 2375 921 2442; x_wconf 90' lang='lat' dir='ltr'><strong>dubium:</strong></span> <span class='ocrx_word' id='word_1_148' title='bbox 947 2397 1170 2462; x_wconf 89' lang='lat' dir='ltr'><strong>quamquam,</strong></span> <span class='ocrx_word' id='word_1_149' title='bbox 1197 2375 1224 2442; x_wconf 91' lang='lat' dir='ltr'><strong>si</strong></span> <span class='ocrx_word' id='word_1_150' title='bbox 1242 2376 1300 2443; x_wconf 85' lang='lat' dir='ltr'><strong>tri-</strong></span> 
     </span>
     <span class='ocr_line' id='line_1_21' title="bbox 183 2463 1300 2569; baseline 0.003 -25"><span class='ocrx_word' id='word_1_151' title='bbox 183 2463 537 2563; x_wconf 80' lang='lat' dir='ltr'><strong>metros&#39;·&#39;consideres,</strong></span> <span class='ocrx_word' id='word_1_152' title='bbox 563 2476 799 2545; x_wconf 87' lang='lat' dir='ltr'><strong>florentissimis</strong></span> <span class='ocrx_word' id='word_1_153' title='bbox 821 2478 973 2569; x_wconf 84' lang='lat' dir='ltr'><strong>tragicae</strong></span> <span class='ocrx_word' id='word_1_154' title='bbox 989 2479 1068 2544; x_wconf 88' lang='lat' dir='ltr'><strong>artis</strong></span> <span class='ocrx_word' id='word_1_155' title='bbox 1091 2479 1300 2568; x_wconf 88' lang='lat' dir='ltr'><strong>temporibus</strong></span> 
     </span>
     <span class='ocr_line' id='line_1_22' title="bbox 183 2570 1301 2668; baseline 0.002 -22"><span class='ocrx_word' id='word_1_156' title='bbox 183 2570 318 2655; x_wconf 65' lang='lat' dir='ltr'><strong>iactant,¹</strong></span> <span class='ocrx_word' id='word_1_157' title='bbox 333 2579 461 2663; x_wconf 82' lang='lat' dir='ltr'><strong>credas.</strong></span> <span class='ocrx_word' id='word_1_158' title='bbox 512 2581 633 2668; x_wconf 90' lang='lat' dir='ltr'><strong>Neque</strong></span> <span class='ocrx_word' id='word_1_159' title='bbox 653 2581 741 2646; x_wconf 89' lang='lat' dir='ltr'><strong>enim</strong></span> <span class='ocrx_word' id='word_1_160' title='bbox 766 2580 926 2649; x_wconf 90' lang='lat' dir='ltr'><strong>credibile</strong></span> <span class='ocrx_word' id='word_1_161' title='bbox 942 2586 1006 2665; x_wconf 88' lang='lat' dir='ltr'><strong>est,</strong></span> <span class='ocrx_word' id='word_1_162' title='bbox 1032 2603 1136 2668; x_wconf 91' lang='lat' dir='ltr'><strong>quum</strong></span> <span class='ocrx_word' id='word_1_163' title='bbox 1153 2592 1301 2650; x_wconf 87' lang='lat' dir='ltr'><strong>extrema</strong></span> 
     </span>
     <span class='ocr_line' id='line_1_23' title="bbox 184 2674 1376 2784; baseline 0.004 -37"><span class='ocrx_word' id='word_1_164' title='bbox 184 2691 294 2784; x_wconf 75' lang='lat' dir='ltr'><strong>aetate</strong></span> <span class='ocrx_word' id='word_1_165' title='bbox 302 2674 484 2771; x_wconf 56' lang='lat' dir='ltr'><strong>,Euripidis</strong></span> <span class='ocrx_word' id='word_1_166' title='bbox 502 2682 590 2748; x_wconf 92' lang='lat' dir='ltr'><strong>adeo</strong></span> <span class='ocrx_word' id='word_1_167' title='bbox 607 2675 764 2751; x_wconf 81' lang='lat' dir='ltr'><strong>inclinata</strong></span> <span class='ocrx_word' id='word_1_168' title='bbox 782 2692 866 2750; x_wconf 89' lang='lat' dir='ltr'><strong>esset</strong></span> <span class='ocrx_word' id='word_1_169' title='bbox 887 2682 1084 2775; x_wconf 84' lang='lat' dir='ltr'><strong>tragoedia,</strong></span> <span class='ocrx_word' id='word_1_170' title='bbox 1109 2693 1179 2752; x_wconf 93' lang='lat' dir='ltr'><strong>tam</strong></span> <span class='ocrx_word' id='word_1_171' title='bbox 1192 2685 1300 2752; x_wconf 87' lang='lat' dir='ltr'><strong>bonos</strong></span> <span class='ocrx_word' id='word_1_172' title='bbox 1374 2706 1376 2710; x_wconf 78' lang='grc'>’</span> 
     </span>
     <span class='ocr_line' id='line_1_24' title="bbox 183 2783 1301 2875; baseline 0.004 -24"><span class='ocrx_word' id='word_1_173' title='bbox 183 2800 296 2853; x_wconf 80' lang='lat' dir='ltr'><strong>versus</strong></span> <span class='ocrx_word' id='word_1_174' title='bbox 318 2807 340 2869; x_wconf 84' lang='lat' dir='ltr'><strong>a</strong></span> <span class='ocrx_word' id='word_1_175' title='bbox 363 2783 501 2874; x_wconf 87' lang='lat' dir='ltr'><strong>suppari</strong></span> <span class='ocrx_word' id='word_1_176' title='bbox 529 2792 635 2875; x_wconf 88' lang='lat' dir='ltr'><strong>poeta</strong></span> <span class='ocrx_word' id='word_1_177' title='bbox 662 2807 732 2851; x_wconf 88' lang='lat' dir='ltr'><strong>esse</strong></span> <span class='ocrx_word' id='word_1_178' title='bbox 760 2784 925 2854; x_wconf 89' lang='lat' dir='ltr'><strong>conditos.</strong></span> <span class='ocrx_word' id='word_1_179' title='bbox 986 2787 1085 2856; x_wconf 90' lang='lat' dir='ltr'><strong>Haec</strong></span> <span class='ocrx_word' id='word_1_180' title='bbox 1106 2809 1159 2854; x_wconf 89' lang='lat' dir='ltr'><strong>res</strong></span> <span class='ocrx_word' id='word_1_181' title='bbox 1179 2789 1301 2855; x_wconf 87' lang='lat' dir='ltr'><strong>mirum</strong></span> 
     </span>
     <span class='ocr_line' id='line_1_25' title="bbox 184 2885 1300 2980; baseline 0.005 -27"><span class='ocrx_word' id='word_1_182' title='bbox 184 2894 346 2975; x_wconf 83' lang='lat' dir='ltr'><strong>quantum</strong></span> <span class='ocrx_word' id='word_1_183' title='bbox 363 2886 546 2963; x_wconf 87' lang='lat' dir='ltr'><strong>labefactat</strong></span> <span class='ocrx_word' id='word_1_184' title='bbox 562 2885 755 2977; x_wconf 90' lang='lat' dir='ltr'><strong>opinionem</strong></span> <span class='ocrx_word' id='word_1_185' title='bbox 769 2888 885 2957; x_wconf 87' lang='lat' dir='ltr'><strong>Delrii.</strong></span> <span class='ocrx_word' id='word_1_186' title='bbox 937 2888 1009 2956; x_wconf 86' lang='lat' dir='ltr'><strong>Sed</strong></span> <span class='ocrx_word' id='word_1_187' title='bbox 1030 2888 1117 2959; x_wconf 88' lang='lat' dir='ltr'><strong>haec</strong></span> <span class='ocrx_word' id='word_1_188' title='bbox 1130 2889 1204 2980; x_wconf 89' lang='lat' dir='ltr'><strong>ipsa</strong></span> <span class='ocrx_word' id='word_1_189' title='bbox 1224 2914 1300 2959; x_wconf 86' lang='lat' dir='ltr'><strong>ver-</strong></span> 
     </span>
     <span class='ocr_line' id='line_1_26' title="bbox 184 2987 1301 3080; baseline 0.005 -25"><span class='ocrx_word' id='word_1_190' title='bbox 184 3010 281 3055; x_wconf 90' lang='lat' dir='ltr'><strong>suum</strong></span> <span class='ocrx_word' id='word_1_191' title='bbox 307 2987 493 3079; x_wconf 84' lang='lat' dir='ltr'><strong>elegantia,</strong></span> <span class='ocrx_word' id='word_1_192' title='bbox 527 2991 555 3057; x_wconf 92' lang='lat' dir='ltr'><strong>si</strong></span> <span class='ocrx_word' id='word_1_193' title='bbox 574 2989 704 3077; x_wconf 88' lang='lat' dir='ltr'><strong>reliqua</strong></span> <span class='ocrx_word' id='word_1_194' title='bbox 724 3013 878 3079; x_wconf 90' lang='lat' dir='ltr'><strong>quoque,</strong></span> <span class='ocrx_word' id='word_1_195' title='bbox 911 2991 1051 3080; x_wconf 88' lang='lat' dir='ltr'><strong>quaein</strong></span> <span class='ocrx_word' id='word_1_196' title='bbox 1071 2993 1135 3059; x_wconf 88' lang='lat' dir='ltr'><strong>isto</strong></span> <span class='ocrx_word' id='word_1_197' title='bbox 1156 2994 1301 3061; x_wconf 88' lang='lat' dir='ltr'><strong>carmine</strong></span> 
     </span>
     <span class='ocr_line' id='line_1_27' title="bbox 184 3091 1301 3187; baseline 0.005 -28"><span class='ocrx_word' id='word_1_198' title='bbox 184 3091 367 3183; x_wconf 86' lang='lat' dir='ltr'><strong>singularia</strong></span> <span class='ocrx_word' id='word_1_199' title='bbox 390 3100 480 3175; x_wconf 91' lang='lat' dir='ltr'><strong>sunt,</strong></span> <span class='ocrx_word' id='word_1_200' title='bbox 512 3092 599 3160; x_wconf 90' lang='lat' dir='ltr'><strong>bene</strong></span> <span class='ocrx_word' id='word_1_201' title='bbox 622 3115 789 3184; x_wconf 87' lang='lat' dir='ltr'><strong>perpensa</strong></span> <span class='ocrx_word' id='word_1_202' title='bbox 810 3094 965 3179; x_wconf 87' lang='lat' dir='ltr'><strong>fuissent,</strong></span> <span class='ocrx_word' id='word_1_203' title='bbox 995 3104 1178 3164; x_wconf 89' lang='lat' dir='ltr'><strong>monstrare</strong></span> <span class='ocrx_word' id='word_1_204' title='bbox 1201 3106 1301 3187; x_wconf 91' lang='lat' dir='ltr'><strong>pote-</strong></span> 
     </span>
     <span class='ocr_line' id='line_1_28' title="bbox 184 3192 1301 3287; baseline 0.005 -26"><span class='ocrx_word' id='word_1_205' title='bbox 184 3204 276 3280; x_wconf 89' lang='lat' dir='ltr'><strong>rant,</strong></span> <span class='ocrx_word' id='word_1_206' title='bbox 302 3216 413 3283; x_wconf 92' lang='lat' dir='ltr'><strong>neque</strong></span> <span class='ocrx_word' id='word_1_207' title='bbox 429 3192 571 3263; x_wconf 78' lang='lat' dir='ltr'><strong>Athenis</strong></span> <span class='ocrx_word' id='word_1_208' title='bbox 594 3218 669 3262; x_wconf 92' lang='lat' dir='ltr'><strong>eam</strong></span> <span class='ocrx_word' id='word_1_209' title='bbox 690 3196 840 3264; x_wconf 90' lang='lat' dir='ltr'><strong>fabulam</strong></span> <span class='ocrx_word' id='word_1_210' title='bbox 860 3199 1019 3287; x_wconf 87' lang='lat' dir='ltr'><strong>scriptam</strong></span> <span class='ocrx_word' id='word_1_211' title='bbox 1043 3219 1129 3283; x_wconf 90' lang='lat' dir='ltr'><strong>esse,</strong></span> <span class='ocrx_word' id='word_1_212' title='bbox 1155 3222 1219 3268; x_wconf 92' lang='lat' dir='ltr'><strong>nec</strong></span> <span class='ocrx_word' id='word_1_213' title='bbox 1233 3209 1301 3267; x_wconf 90' lang='lat' dir='ltr'><strong>tam</strong></span> 
     </span>
     <span class='ocr_line' id='line_1_29' title="bbox 182 3296 1303 3391; baseline 0.003 -26"><span class='ocrx_word' id='word_1_214' title='bbox 182 3298 278 3366; x_wconf 85' lang='lat' dir='ltr'><strong>brevi</strong></span> <span class='ocrx_word' id='word_1_215' title='bbox 304 3296 480 3365; x_wconf 88' lang='lat' dir='ltr'><strong>intervallo</strong></span> <span class='ocrx_word' id='word_1_216' title='bbox 506 3298 703 3390; x_wconf 88' lang='lat' dir='ltr'><strong>contingere</strong></span> <span class='ocrx_word' id='word_1_217' title='bbox 730 3309 874 3368; x_wconf 91' lang='lat' dir='ltr'><strong>aetatem</strong></span> <span class='ocrx_word' id='word_1_218' title='bbox 899 3299 1082 3391; x_wconf 89' lang='lat' dir='ltr'><strong>Euripidis.</strong></span> <span class='ocrx_word' id='word_1_219' title='bbox 1143 3302 1303 3370; x_wconf 89' lang='lat' dir='ltr'><strong>Similiter</strong></span> 
     </span>
    </p>
   </div>
   <div class='ocr_carea' id='block_1_5' title="bbox 183 3399 1302 3589">
    <p class='ocr_par' dir='ltr' id='par_1_7' title="bbox 183 3399 1302 3589">
     <span class='ocr_line' id='line_1_30' title="bbox 184 3399 1302 3492; baseline 0.004 -25"><span class='ocrx_word' id='word_1_220' title='bbox 184 3399 283 3489; x_wconf 90' lang='lat' dir='ltr'><strong>epica</strong></span> <span class='ocrx_word' id='word_1_221' title='bbox 297 3401 427 3491; x_wconf 85' lang='lat' dir='ltr'><strong>poesis,</strong></span> <span class='ocrx_word' id='word_1_222' title='bbox 453 3423 542 3489; x_wconf 89' lang='lat' dir='ltr'><strong>quae</strong></span> <span class='ocrx_word' id='word_1_223' title='bbox 556 3425 645 3492; x_wconf 87' lang='lat' dir='ltr'><strong>pene</strong></span> <span class='ocrx_word' id='word_1_224' title='bbox 662 3404 731 3471; x_wconf 88' lang='lat' dir='ltr'><strong>iam</strong></span> <span class='ocrx_word' id='word_1_225' title='bbox 753 3403 941 3488; x_wconf 90' lang='lat' dir='ltr'><strong>interierat,</strong></span> <span class='ocrx_word' id='word_1_226' title='bbox 966 3403 1109 3471; x_wconf 83' lang='lat' dir='ltr'><strong>feliciter</strong></span> <span class='ocrx_word' id='word_1_227' title='bbox 1120 3414 1302 3473; x_wconf 88' lang='lat' dir='ltr'><strong>restaurata</strong></span> 
     </span>
     <span class='ocr_line' id='line_1_31' title="bbox 183 3502 452 3589; baseline -0.007 -19"><span class='ocrx_word' id='word_1_228' title='bbox 183 3502 247 3571; x_wconf 83' lang='lat' dir='ltr'><strong>fuit</strong></span> <span class='ocrx_word' id='word_1_229' title='bbox 262 3503 305 3570; x_wconf 93' lang='lat' dir='ltr'><strong>ab</strong></span> <span class='ocrx_word' id='word_1_230' title='bbox 319 3504 452 3589; x_wconf 71' lang='lat' dir='ltr'><strong>Nonne,</strong></span> 
     </span>
    </p>
   </div>
   <div class='ocr_carea' id='block_1_6' title="bbox 183 3837 1303 4089">
    <p class='ocr_par' dir='ltr' id='par_1_8' title="bbox 183 3837 1303 4089">
     <span class='ocr_line' id='line_1_32' title="bbox 185 3837 1303 3924; baseline 0.006 -27"><span class='ocrx_word' id='word_1_231' title='bbox 185 3837 283 3898; x_wconf 85' lang='lat' dir='ltr'><strong>doctr.</strong></span> <span class='ocrx_word' id='word_1_232' title='bbox 307 3846 393 3902; x_wconf 88' lang='lat' dir='ltr'><strong>metr.</strong></span> <span class='ocrx_word' id='word_1_233' title='bbox 408 3837 447 3898; x_wconf 92' lang='lat' dir='ltr'><strong>ll.</strong></span> <span class='ocrx_word' id='word_1_234' title='bbox 467 3841 517 3915; x_wconf 82' lang='lat'><strong>14,</strong></span> <span class='ocrx_word' id='word_1_235' title='bbox 539 3843 588 3907; x_wconf 73' lang='lat'><strong>16.</strong></span> <span class='ocrx_word' id='word_1_236' title='bbox 611 3845 821 3922; x_wconf 75' lang='lat' dir='ltr'><strong>p·123.·seq.</strong></span> <span class='ocrx_word' id='word_1_237' title='bbox 843 3843 1016 3904; x_wconf 86' lang='lat' dir='ltr'><strong>Elmsleium</strong></span> <span class='ocrx_word' id='word_1_238' title='bbox 1038 3842 1078 3903; x_wconf 86' lang='lat' dir='ltr'><strong>ad</strong></span> <span class='ocrx_word' id='word_1_239' title='bbox 1099 3844 1204 3924; x_wconf 85' lang='lat' dir='ltr'><strong>Eurip.</strong></span> <span class='ocrx_word' id='word_1_240' title='bbox 1227 3843 1303 3904; x_wconf 86' lang='lat' dir='ltr'><strong>Med.</strong></span> 
     </span>
     <span class='ocr_line' id='line_1_33' title="bbox 183 3921 1302 4089; baseline 0 -102"><span class='ocrx_word' id='word_1_241' title='bbox 183 3921 434 4089; x_wconf 55' lang='lat' dir='ltr'><strong>diriopibbeed&#39;</strong></span> <span class='ocrx_word' id='word_1_242' title='bbox 450 3924 546 4005; x_wconf 86' lang='lat' dir='ltr'><strong>Lips.)</strong></span> <span class='ocrx_word' id='word_1_243' title='bbox 568 3934 598 3985; x_wconf 88' lang='lat' dir='ltr'><strong>et</strong></span> <span class='ocrx_word' id='word_1_244' title='bbox 620 3947 698 4006; x_wconf 87' lang='lat' dir='ltr'><strong>quae</strong></span> <span class='ocrx_word' id='word_1_245' title='bbox 719 3926 751 3986; x_wconf 90' lang='lat' dir='ltr'><strong>in</strong></span> <span class='ocrx_word' id='word_1_246' title='bbox 773 3929 1016 3989; x_wconf 82' lang='lat' dir='ltr'><strong>adnotationibus</strong></span> <span class='ocrx_word' id='word_1_247' title='bbox 1038 3929 1076 3988; x_wconf 84' lang='lat' dir='ltr'><strong>ad</strong></span> <span class='ocrx_word' id='word_1_248' title='bbox 1103 3948 1171 3988; x_wconf 86' lang='lat' dir='ltr'><strong>eum</strong></span> <span class='ocrx_word' id='word_1_249' title='bbox 1193 3924 1302 4019; x_wconf 83' lang='lat' dir='ltr'><strong>librum</strong></span> 
     </span>
    </p>
   </div>
   <div class='ocr_carea' id='block_1_7' title="bbox 185 4193 1303 4365">
    <p class='ocr_par' dir='ltr' id='par_1_9' title="bbox 185 4193 1303 4365">
     <span class='ocr_line' id='line_1_34' title="bbox 225 4193 1303 4282; baseline 0.007 -28"><span class='ocrx_word' id='word_1_250' title='bbox 225 4193 256 4270; x_wconf 73' lang='lat' dir='ltr'><strong>t)</strong></span> <span class='ocrx_word' id='word_1_251' title='bbox 278 4194 364 4255; x_wconf 84' lang='lat' dir='ltr'><strong>Hanc</strong></span> <span class='ocrx_word' id='word_1_252' title='bbox 388 4194 564 4254; x_wconf 86' lang='lat' dir='ltr'><strong>sententiam</strong></span> <span class='ocrx_word' id='word_1_253' title='bbox 594 4196 674 4255; x_wconf 84' lang='lat' dir='ltr'><strong>tueri</strong></span> <span class='ocrx_word' id='word_1_254' title='bbox 699 4196 815 4256; x_wconf 87' lang='lat' dir='ltr'><strong>studuit</strong></span> <span class='ocrx_word' id='word_1_255' title='bbox 838 4200 1008 4261; x_wconf 84' lang='lat' dir='ltr'><strong>Boeckhius</strong></span> <span class='ocrx_word' id='word_1_256' title='bbox 1042 4202 1074 4260; x_wconf 90' lang='lat' dir='ltr'><strong>in</strong></span> <span class='ocrx_word' id='word_1_257' title='bbox 1106 4200 1185 4261; x_wconf 86' lang='lat' dir='ltr'><strong>libro</strong></span> <span class='ocrx_word' id='word_1_258' title='bbox 1217 4221 1303 4282; x_wconf 87' lang='lat' dir='ltr'><strong>quem</strong></span> 
     </span>
     <span class='ocr_line' id='line_1_35' title="bbox 185 4279 869 4365; baseline 0.012 -27"><span class='ocrx_word' id='word_1_259' title='bbox 185 4279 306 4360; x_wconf 83' lang='lat' dir='ltr'><strong>scripsit</strong></span> <span class='ocrx_word' id='word_1_260' title='bbox 322 4280 360 4344; x_wconf 85' lang='lat' dir='ltr'><strong>da</strong></span> <span class='ocrx_word' id='word_1_261' title='bbox 378 4281 499 4359; x_wconf 83' lang='lat' dir='ltr'><strong>tragicis</strong></span> <span class='ocrx_word' id='word_1_262' title='bbox 514 4280 636 4342; x_wconf 87' lang='lat' dir='ltr'><strong>Graecis</strong></span> <span class='ocrx_word' id='word_1_263' title='bbox 650 4301 681 4362; x_wconf 86' lang='lat' dir='ltr'><strong>p.</strong></span> <span class='ocrx_word' id='word_1_264' title='bbox 698 4288 771 4352; x_wconf 70' lang='lat'><strong>228.</strong></span> <span class='ocrx_word' id='word_1_265' title='bbox 788 4304 869 4365; x_wconf 76' lang='lat' dir='ltr'><strong>seqq.</strong></span> 
     </span>
    </p>
   </div>
   <div class='ocr_carea' id='block_1_8' title="bbox 0 0 1424 4904">
    <p class='ocr_par' dir='ltr' id='par_1_10' title="bbox 0 0 1424 4904">
     <span class='ocr_line' id='line_1_36' title="bbox 0 0 1424 4904; baseline 0 0"><span class='ocrx_word' id='word_1_266' title='bbox 0 0 1424 4904; x_wconf 95' lang='lat' dir='ltr'><strong> </strong></span> 
     </span>
    </p>
   </div>
  </div>
 </body>
</html>
