2826 4904
199 299 261 365 19²
425 291 485 358 DE
512 288 698 359 ELLIPSI
726 288 782 352 ΕΤ
801 285 1083 356 PLEONASMO

199 468 348 558 catione,
379 473 541 558 quaeest
567 464 635 553 rei,
670 463 763 535 cuius
784 470 918 556 partem
937 426 1165 553 intelligimus
1227 459 1321 530 Nam

198 598 303 695 quum
318 572 426 641 talia
417 593 485 638 ram
499 569 701 659 pervulgata
722 575 848 651 essent,
873 576 928 651 nt,
954 562 1158 652 ἅπτεσθαι,
1178 557 1322 656 paveat

199 672 299 760 τινός
308 732 322 766 ,
356 674 533 743 facillimus
557 681 628 740 erat
649 670 694 738 ad
717 692 757 737 ea
781 670 884 738 verba
902 668 1075 753 transitus,
1106 667 1228 755 quibus
1247 689 1321 735 non

133 783 274 872 ltilipsa
291 782 395 873 partis
412 776 596 871 cuiuspiam
619 772 741 858 tactio,
767 772 828 840 sed
852 773 942 839 solus
963 769 1144 861 tangendi,
1178 779 1322 840 conatus

65 966 72 983 ⁸
198 883 373 953 indicatur.
422 881 513 949 Hinc
535 878 697 975 ῥίπτειν,
724 871 943 962 ἀκοντίζειν,
976 865 1176 959 diovao'atv,
1204 866 1317 945 reari-

200 995 371 1073 σνεοθαι,
407 990 546 1071 ἵεσθαι,
573 990 607 1049 et
628 1001 716 1071 quse
738 977 856 1048 similia
877 985 969 1060 sunt,
995 975 1144 1066 genitivo
1166 974 1320 1066 iungun-

199 1101 271 1174 tur,
298 1088 345 1173 sie
362 1097 399 1156 nt
419 1087 447 1154 is
466 1109 540 1153 rem
554 1085 696 1169 indicet,
722 1083 814 1151 cuius
828 1082 901 1171 quis
919 1087 1054 1170 partem
1075 1076 1209 1144 studeat
1233 1100 1319 1146 con-

199 1193 341 1284 tingere.
375 1190 544 1309 Exempla
557 1188 686 1278 videp.
700 1182 849 1270 ultam
863 1181 1075 1276 quibusnam
1087 1181 1200 1274 elhpsr
1214 1202 1319 1274 prae-

200 1292 375 1387 positionis
396 1319 488 1364 κατα
481 1287 612 1362 facile
626 1289 823 1360 carebimus.

303 1395 375 1466 Sed
396 1394 473 1464 satis
494 1392 562 1465 iam
587 1392 631 1464 de
649 1393 797 1490 genitivo
820 1391 949 1463 dictum
966 1385 1109 1460 videtur.

536 1626 581 1695 X.
617 1629 676 1697 De
718 1652 794 1696 ιιοιι
842 1627 983 1694 dativi.

303 1806 517 1880 Accedamus
539 1829 629 1877 nunc
652 1807 698 1881 ad
718 1808 885 1894 dativum,
919 1805 1012 1876 cuius
1033 1822 1128 1875 casus
1149 1799 1319 1896 perfacil'u

202 1910 288 1980 ratio
309 1920 369 1980 est.
419 1913 509 1980 Nam
531 1912 662 1979 dativus
688 1935 763 1981 eam
782 1936 857 1981 rem
876 1910 1019 1996 indicat,
1044 1910 1161 1998 inqua
1176 1905 1320 1974 cernitur

202 2015 316 2102 aliqua
338 2012 538 2097 efficientia3
572 2013 668 2102 quod
688 2038 792 2104 quum
811 2015 943 2082 duobus
972 2012 1084 2084 modis
1105 2010 1182 2077 fieri
1203 2009 1317 2099 possit,

202 2139 270 2185 uno
289 2117 415 2202 activo,
441 2118 548 2186 altero
568 2117 718 2208 passivo,
744 2118 917 2208 duplicem
937 2115 1070 2207 accepit
1090 2114 1160 2182 vim
1179 2111 1317 2181 dativus

202 2219 323 2292 Activa
343 2220 450 2307 enim,
483 2241 585 2309 quarn
604 2241 715 2307 voco,
753 2220 953 2288 efficientiae
974 2219 1059 2287 ratio
1086 2240 1128 2286 ea
1149 2223 1221 2300 est,
1253 2237 1318 2304 qua

202 2321 277 2391 fieri
295 2322 423 2410 aliquid
442 2346 507 2416 per
525 2324 671 2411 aliquam
696 2345 768 2393 rem
789 2323 970 2394 indicatur:
1005 2343 1072 2411 qua
1092 2320 1127 2388 in
1149 2317 1318 2410 signitica-

201 2427 294 2493 tione
307 2425 443 2494 ablativi
456 2447 580 2494 nomen
596 2428 748 2518 usurpari
760 2428 872 2510 malo,
897 2427 1129 2493 Romanorum
1152 2422 1318 2512 exemplo,

202 2527 297 2619 apud
324 2550 409 2615 quos
432 2552 473 2596 ea
499 2529 700 2620 significatio
722 2554 817 2598 suam
838 2530 900 2597 sibi
924 2527 1098 2620 propriam
1118 2527 1266 2593 formam
1285 2525 1318 2592 in

202 2630 405 2720 quibusdam
423 2631 701 2700 declinationibus
726 2633 923 2701 vindicavit:
956 2632 1086 2723 passiva
1102 2637 1217 2697 autem
1235 2627 1317 2697 ratio

204 2732 405 2802 efficientiae
430 2742 498 2817 est,
524 2756 612 2821 quae
628 2734 756 2823 aliquid
772 2736 846 2803 fieri
866 2736 901 2802 in
922 2759 963 2803 ea
976 2758 1032 2824 re,
1058 2755 1147 2823 quae
1162 2731 1227 2800 isto
1242 2753 1318 2801 casn

203 2834 409 2921 nominatur,
449 2835 591 2906 iudicat:
634 2860 723 2930 quae
755 2839 841 2907 ratio
869 2838 1009 2932 proprie
1044 2834 1148 2905 dativi
1185 2835 1319 2906 nomine

203 2938 389 3029 insignitur.

161 3133 163 3137 ἶ
304 3040 482 3109 Ablativus
502 3063 587 3134 ergo
607 3063 714 3131 quum
741 3061 805 3135 per
831 3067 868 3113 se
895 3045 1147 3113 instrumentum
1170 3041 1318 3124 denotet,

204 3161 274 3232 quo
292 3142 420 3235 aliquid
434 3144 510 3232 fiat,
535 3143 613 3237 hoe¹
625 3149 733 3215 minus
749 3149 821 3216 ulla
841 3148 1099 3240 praepositionis
1110 3145 1220 3234 ellipsi
1235 3166 1320 3236 opus

205 3245 329 3336 habet,
368 3247 463 3337 quod
493 3271 537 3317 ne
570 3251 770 3319 construitur
798 3250 936 3340 quidem
966 3259 1044 3320 cu'm
1071 3249 1142 3319 hoe
1177 3270 1257 3316 casu
1285 3248 1320 3314 in

206 3347 342 3420 Graeco
372 3373 530 3421 sermone
558 3354 631 3421 ulla
656 3356 873 3445 praepositio.
934 3354 1048 3439 Quare
1077 3353 1230 3442 ineptum
1261 3359 1321 3438 est,

100 3482 102 3486 “
205 3451 353 3539 adtolle,
379 3447 579 3528 πατάσσειν
595 3449 732 3579 pa'ssdp,
748 3450 986 3550 νοσεῖννόοῳ,
1013 3454 1167 3548 χαίρειν,
1194 3447 1320 3546 α’κμα-

136 3561 300 3645 linteo,
341 3554 527 3652 πριάσθαί
554 3585 646 3642 τινι,
694 3557 825 3650 ὤμοιϊν
869 3552 1000 3648 τεύχεα
1047 3558 1174 3645 δῦναι,
1225 3555 1320 3653 alyn,

204 3660 345 3754 σπουδῇ
349 3711 364 3747 ,
390 3666 425 3727 et
446 3681 534 3746 quae
552 3670 628 3726 sunt
642 3660 821 3744 similias
803 3688 862 3733 sm
854 3658 941 3728 vel
961 3686 1042 3755 περι
1034 3658 1119 3727 vel
1140 3685 1205 3731 σον
1221 3659 1322 3728 intel·

169 3787 176 3799 ·
202 3759 329 3854 ligere,
354 3760 449 3851 quod
463 3761 579 3852 placet
592 3761 657 3848 his,
684 3786 742 3851 qur
731 3762 883 3852 ubique
899 3764 1034 3853 ellipsin
1051 3760 1188 3829 odorari
1201 3761 1322 3861 solent,

202 3884 239 3954 p.
256 3860 343 3930 tol.
359 3885 452 3952 seqq.
474 3862 561 3931 710.
585 3862 671 3932 712.
690 3863 778 3933 735.
793 3865 880 3933 743.
932 3865 1065 3933 Eadem
1093 3888 1147 3933 res
1170 3873 1237 3948 est,
1262 3854 1323 3935 ubi

204 3965 369 4034 ablativus
384 3966 663 4058 significationem
678 3965 783 4037 habet
800 3990 944 4056 caussae,
971 3970 1016 4039 ob
1032 3991 1135 4058 quarn
1150 3966 1235 4057 quid
1250 3968 1322 4053 fiat,

166 4071 176 4139 ,’
203 4068 299 4155 quod
320 4069 477 4158 frequens
493 4078 543 4137 est
560 4070 653 4162 apud
672 4081 812 4163 poetas.

305 4170 379 4239 Sed
401 4194 444 4242 ne
458 4175 493 4242 in
508 4171 621 4243 dativo
635 4175 773 4264 quidem
786 4175 876 4242 ullus
890 4183 940 4243 est
958 4172 1216 4265 praepositionis
1231 4195 1322 4258 usus

62 4272 68 4285 κ
92 4358 99 4365 ,
203 4291 309 4364 quum
324 4278 480 4351 ἕπεσθον
495 4275 553 4348 vel
574 4273 791 4353 ἀκολουθεῖν
807 4305 884 4354 τινι
910 4279 1045 4366 dicitur,
1071 4276 1167 4367 qnod
1179 4300 1217 4369 p.
1233 4276 1323 4346 too.
