2826 4904
182 320 186 326 ’
304 335 1097 402 111111111111111111111111111.
1143 399 1144 402 ¹
1186 341 1252 405 nor

136 509 206 580 sed
225 507 364 581 dnobus
383 519 520 581 tardum
539 510 705 582 membris
727 519 903 597 condam,
929 509 1088 580 diverbia
1110 517 1145 579 et
1164 530 1251 578 can·

137 614 241 681 tica..
269 616 316 683 Et
327 637 365 706 p.
380 613 467 682 488.
491 615 621 682 Latine
633 614 791 707 fabulae
807 616 1044 707 appellantur,
1070 614 1143 682 sive
1152 612 1252 706 sati-

138 715 256 784 bnlae.
282 715 328 784 In
348 717 487 785 Latinis
501 718 591 785 11111
603 715 747 809 fabulis
764 720 877 810 plura
891 726 972 786 sunt
985 717 1134 801 cantica,
1160 727 1253 806 qu'ae

138 826 326 890 carnuntar‘.
376 820 444 887 Vel
458 819 546 889 haec
559 821 635 886 satis
651 819 785 905 docent,
811 821 950 906 cantica,
976 843 1063 908 quae
1075 820 1148 888 fere
1160 818 1253 885 idem

140 931 252 1005 erant,
278 921 373 1009 quod
394 922 489 1013 apud
506 923 658 991 Graecos
673 916 748 994 a’ad
773 921 898 1018 σκηνῆς
916 925 1116 1006 vocabatur,
1142 929 1254 1012 partes
1346 991 1348 995 ,

138 1023 290 1113 ipsarum
305 1024 407 1092 fuisse
426 1025 628 1110 fabularum,
643 1047 713 1099 1111
733 1024 940 1092 saltationem
954 1025 1000 1091 ad
1013 1025 1140 1107 tibiam,
1166 1044 1255 1113 quaa
1370 1063 1373 1069 ·

138 1126 226 1194 inter
245 1135 338 1196 actus
352 1136 579 1218 spectatorum
600 1126 880 1196 oblectandomm
899 1149 1014 1196 caussa
1030 1126 1254 1194 exhiberetur.

140 1228 350 1298 Confirmant
368 1230 440 1300 lroc
454 1232 555 1298 etiam
573 1230 663 1300 hacc
676 1231 809 1314 Donati,
833 1230 868 1296 in
883 1229 1092 1320 praefatione
1113 1228 1159 1296 ad
1181 1231 1256 1297 An-

143 1332 268 1400 driam:
293 1331 461 1404 diverbiis
481 1341 516 1401 et
532 1334 684 1403 cardinis,
698 1333 817 1426 lepide
834 1333 1001 1405 distincta
1022 1336 1090 1402 est:
1114 1333 1160 1400 ad
1179 1332 1254 1400 Eu·
1375 1423 1377 1432 Ι

143 1435 310 1505 1111111111
342 1434 506 1505 diverbia
523 1437 637 1504 multa
655 1459 765 1528 saepe
778 1437 1033 1528 pronunciata,
1060 1442 1096 1504 et
1114 1437 1256 1504 cantica

141 1560 250 1630 saepe
268 1540 412 1607 mutatis
434 1539 550 1608 modis
572 1538 729 1608 exhibita
748 1547 847 1609 sunt:
879 1538 925 1606 ad
945 1540 1135 1626 Hecyram:
1168 1558 1255 1606 can-

142 1642 216 1709 tica
235 1648 271 1713 et·
281 1641 444 1711 diverbia
455 1665 590 1712 summo
605 1643 641 1711 in
660 1642 731 1711 bac
743 1640 880 1734 favore
899 1646 1064 1732 suscepta
1086 1647 1182 1709 sunt:
1208 1639 1253 1705 ad

142 1742 400 1833 Phormionemr
440 1753 583 1835 totaque
605 1742 772 1811 diverbiis
791 1741 1025 1835 facetissimis
1054 1749 1090 1809 et
1112 1749 1254 1834 gestum
1296 1748 1298 1757 '

143 1845 428 1914 desiderantibus
447 1847 640 1930 acaricum,
668 1853 702 1913 et
720 1844 935 1914 suavissimis
959 1844 1254 1914 ornata'cunticis

132 1945 226 2042 suit,
272 1950 371 2018 Haec
385 1949 497 2016 omnia
512 1957 665 2039 apertum
679 1957 730 2017 est
751 1948 799 2018 sic
820 1947 905 2033 dici,
930 1955 968 2016 ut
989 1957 1100 2038 partes
1121 1948 1255 2015 fabula-

141 2075 234 2136 rum,
262 2060 296 2118 et
313 2052 452 2142 quidem
470 2076 559 2143 quae
576 2074 644 2120 non
662 2053 737 2119 solo
751 2062 869 2143 gestu,
894 2050 955 2120 sed
981 2053 1081 2119 etiam
1104 2052 1255 2119 orations

142 2153 291 2223 et'cantu
303 2157 526 2239 constiterint,
550 2156 695 2245 intelligi
711 2155 867 2221 debeant.
899 2153 1053 2222 ·Addam
1068 2151 1126 2220 tris
1146 2153 1257 2235 Quin-

139 2256 294 2322 tilianum
313 2258 372 2323 Xl.
397 2256 432 2323 3.
460 2255 546 2324 161.
567 2258 729 2348 pleniore
745 2249 865 2324 tamen
886 2252 978 2323 naec
992 2255 1112 2323 canali
1128 2253 1255 2348 fluunt,

139 2379 223 2439 vos,
269 2356 441 2425 Albani
479 2359 637 2427 tumuli
675 2366 812 2449 atque
854 2357 961 2426 luci:
1006 2379 1093 2424 nam
1126 2356 1256 2424 cantici
1320 2345 1326 2361 '

141 2457 317 2552 quiddam
338 2459 486 2546 babent,
511 2461 705 2552 sensimque
724 2460 893 2551 resupina
915 2467 1013 2528 sunt:
1044 2478 1159 2526 sana
1184 2466 1256 2526 at-

144 2584 229 2654 que
251 2562 526 2632 solitudines
550 2565 649 2645 voci
679 2562 961 2654 respondent.
1011 2562 1092 2632 Hoc
1118 2582 1256 2650 quoque

142 2666 222 2734 loco
236 2664 304 2732 iam
324 2688 402 2734 usus
424 2675 476 2735 est
493 2665 540 2735 du
554 2667 625 2735 Bos
645 2666 681 2732 in
702 2665 967 2733 meditationibus
984 2664 1028 2732 de
1040 2665 1184 2754 poesi-ot
1199 2666 1257 2755 pis·

143 2777 237 2838 utura
251 2768 319 2835 vol.
333 2769 394 2836 lll.
415 2792 451 2860 p.
471 2768 556 2837 ltt.
608 2769 704 2836 Alios
724 2769 808 2836 duos
823 2767 1018 2852 Quintiliani
1036 2767 1152 2853 locos,
1176 2765 1256 2835 1.8.
1292 2765 1294 2769 ’

144 2870 179 2937 2.
204 2881 237 2938 et
256 2869 317 2956 lo,
333 2871 393 2938 23.
420 2893 564 2962 quorum
584 2874 728 2941 alterum
742 2871 840 2941 ’idem
858 2870 904 2939 du
918 2871 989 2943 Bos
1009 2892 1257 2939 commemora-

143 2973 208 3058 vit,
233 2974 428 3064 praetereo,
459 2975 554 3066 quod
582 2976 617 3043 in
636 2975 689 3043 his
708 2975 874 3047 incertum
893 2983 965 3060 est,
995 2997 1038 3042 an
1057 2973 1101 3043 de
1119 2974 1258 3046 scenicis

141 3076 276 3166 canticis
293 3100 401 3146 sermo
424 3079 474 3146 sit.
521 3070 665 3147 'Rectius
693 3078 765 3149 1111
788 3076 878 3148 trahi
904 3086 1018 3168 posset
1041 3079 1207 3147 canticum
1235 3099 1257 3143 a
1303 3150 1305 3155 ἢ

142 3178 325 3247 Macrobio
342 3181 412 3248 Sat.
435 3181 479 3248 11.
503 3178 539 3247 ’1.
558 3177 877 3272 commemoratum,
903 3181 997 3248 ouius
1018 3179 1166 3256 clausula
1180 3179 1256 3262 fuit,

141 3276 211 3353 τόν
231 3283 346 3374 μέγαν
364 3279 647 3374 Ἀγαμέμνονα,
672 3282 766 3377 quod
788 3290 918 3368 tamen,
945 3281 1006 3346 etsi
1024 3302 1065 3346 ex
1078 3278 1256 3369 tragoedia

143 3394 335 3475 sumptum,
367 3408 436 3453 non
459 3385 493 3451 in
514 3383 694 3477 tragoedia
718 3385 762 3450 ab
783 3383 893 3475 Hyla,
926 3380 1086 3450 histrione
1106 3383 1255 3468 mimico,

142 3490 317 3578 agebatur.
369 3486 440 3556 Sed
458 3488 603 3577 apertius
618 3486 740 3556 Cicero
759 3486 809 3554 ad·
820 3484 887 3552 div.
903 3481 962 3552 lX.
975 3483 1167 3577 zbitaque
1187 3508 1261 3553 non·

142 3589 250 3656 modo
267 3590 303 3656 in
318 3590 506 3658 comoediis
519 3611 578 3658 res
596 3591 677 3681 ipsa
694 3597 887 3658 narratur:
911 3593 951 3654 ut
964 3588 1026 3656 ille
1037 3589 1072 3656 in
1086 3589 1255 3657 Demiur-

133 3712 211 3782 go,
235 3692 364 3786 modo
390 3693 509 3785 (jorda
527 3694 617 3761 nosti
639 3693 834 3776 canticum,
866 3691 1052 3760 meministi
1071 3691 1256 3781 Roscium)

137 3794 211 3861 ita
235 3795 535 3864 medestituit
558 3797 747 3864 nudum.a
779 3795 958 3884 Suetonius
977 3794 1056 3862 Ner.
1082 3816 1111 3863 c.
1135 3792 1193 3861 39.
1222 3800 1257 3862 et

140 3895 283 3982 Datus,
309 3892 562 3966 Atellanarum
589 3897 733 3982 histrio,
756 3897 792 3965 in
812 3898 949 3966 cantico
970 3896 1143 3988 quodam,
1177 3893 1256 3989 dyi-
1347 3944 1350 3950 -

141 4025 247 4096 arna,
282 3993 423 4095 πάτερ,
449 3997 614 4092 dyiarns,
641 3999 773 4097 μῆτερ,
803 4001 856 4068 ila
875 3999 1191 4083 demonstraverat,
1217 4004 1257 4065 ut

142 4099 336 4186 bibentem,
374 4109 623 4192 natantemque
649 4102 813 4197 faceret,
864 4102 994 4169 exitum
1034 4101 1072 4170 C.
1113 4101 1257 4170 Claudii
1325 4176 1326 4181 ἵ

141 4202 441 4296 Agrippinaeque
466 4203 696 4300 signfican'sr
735 4214 769 4274 et
801 4205 838 4273 in
861 4203 1050 4273 novissima
1083 4205 1257 4287 clausula,

146 4304 294 4377 Orcus
318 4306 445 4400 vobis
469 4306 594 4385 ducit
610 4307 783 4404 pedes,
808 4304 970 4384 senatum
988 4313 1254 4402 gestunotaret.
