2826 4904
286 312 470 376 PROSAE
490 315 557 421 ΙΕΤ
589 313 825 379 scarleta
855 316 1129 383 ORATIONIS.
1218 327 1264 389 99

144 482 305 554 Secunda
330 485 442 554 forma
466 510 580 555 rerum
604 489 752 579 ipsarum
769 446 899 557 nullam
910 490 1017 560 habet
1037 494 1265 582 comparatio-

143 611 239 672 nem,
274 587 336 656 sed
364 589 614 658 similitudinem
638 592 765 662 iudicat
791 593 1010 665 affectionum
1030 596 1149 682 animi,
1176 612 1312 687 quaele

145 691 317 759 ediversis
338 693 548 763 rebus'nasci
571 693 691 762 solent

248 822 467 925 Ἀρτέμιδος
494 824 741 928 χιονοτρόφον
770 828 874 926 ὄμμα
899 828 1106 931 Κιθαιρών.

141 964 260 1034 Tertia
284 963 431 1054 deniqne
450 965 562 1034 forma
577 967 827 1035 similitudinem
848 969 975 1038 indicat
990 971 1175 1040 affectionis
1188 973 1261 1041 ani-

141 1067 189 1134 mi
202 1077 345 1159 propter
364 1069 559 1159 opinionem
573 1071 719 1159 aliquam
732 1072 945 1140 necessariae.
995 1074 1172 1143 Eiusmodi
1186 1086 1263 1145 sunt

142 1170 193 1240 illi
212 1172 321 1262 tropi,
356 1172 415 1260 qui
432 1174 469 1240 in
490 1172 661 1241 blanditiis
690 1184 723 1241 et
747 1174 904 1243 conviciis
923 1175 1140 1247 inveniuntur.
1193 1179 1262 1264 Qui

141 1273 289 1363 primus,
324 1298 427 1364 quem
451 1286 593 1360 amaret,
635 1275 705 1344 mel
729 1300 825 1346 suum
845 1279 901 1346 vel
926 1280 1119 1366 corculum,
1158 1304 1270 1370 quem·

142 1386 372 1447 contemneret
393 1379 449 1446 vel
470 1379 614 1463 odisset,
640 1379 787 1469 stipitem
809 1382 865 1450 vel
880 1381 1031 1450 belluam
1045 1386 1189 1470 vocavit,
1215 1385 1274 1452 si-'

140 1480 363 1550 militudinem
384 1483 440 1549 vel
460 1483 504 1550 ab
525 1483 626 1553 animi
648 1506 761 1569 sensu,
787 1484 843 1553 vel
863 1485 906 1553 ab
921 1508 1033 1553 rerum
1047 1488 1184 1554 istarum
1197 1510 1260 1554 na-

140 1591 215 1650 tura
229 1585 338 1672 petiit.
390 1585 463 1655 Sed
483 1595 704 1677 posteaquam
722 1587 785 1653 ista
800 1590 906 1655 verba
920 1610 983 1655 usu
1006 1600 1133 1656 certam
1156 1590 1261 1680 signi-

141 1685 336 1755 ficationem
364 1687 489 1779 adepta
507 1698 598 1773 sunt,
620 1690 687 1773 vie,
714 1712 802 1776 quae
827 1700 877 1757 est
898 1690 933 1755 in
946 1690 1140 1759 huiusmodi
1157 1713 1260 1760 com-

141 1789 335 1878 paratione,
375 1813 444 1858 non
468 1801 538 1858 tam
560 1814 602 1859 ex
627 1792 860 1877 similitudine,
902 1816 1004 1882 quam
1034 1817 1075 1862 ex
1102 1795 1260 1886 opinione

140 1890 320 1960 homiuum
338 1893 524 1978 iudicatur,
551 1902 586 1961 et
609 1894 735 1980 mium,
761 1895 845 1983 quid
865 1896 906 1964 sit
927 1897 1053 1985 simile,
1080 1899 1260 1988 quaeritur,

141 2017 243 2084 quam
260 1995 345 2085 quid
363 1997 566 2066 existimetur
586 1996 693 2067 simile
712 2022 792 2066 esse.

245 2133 314 2201 Sed
331 2134 543 2202 redeundum
565 2144 614 2202 est
636 2133 682 2200 ad
704 2134 808 2218 illud,
833 2133 924 2200 unde
946 2157 1080 2224 egressa
1101 2144 1150 2202 est
1170 2134 1260 2205 haec

141 2232 187 2299 de
210 2235 317 2321 tropis
338 2236 532 2324 disputatio.
582 2237 721 2323 Tropos
741 2236 898 2323 poeticae
921 2237 1078 2301 orationis
1099 2238 1259 2326 proprios

142 2358 214 2402 esse
241 2334 446 2402 dicebamus.
506 2337 569 2404 Est
599 2335 688 2403 euim
717 2335 806 2404 haec
830 2344 1008 2425 tropomm
1038 2348 1176 2425 natura,
1208 2349 1259 2426 nt,

140 2460 247 2527 quum
265 2437 359 2504 aliud
379 2461 444 2530 pro
469 2439 535 2506 alio
550 2439 759 2524 nominetur,
786 2439 897 2506 auimo
920 2441 1014 2528 quasi
1035 2464 1174 2531 campus
1196 2444 1260 2510 ali-

138 2542 213 2629 quis
234 2542 418 2631 aperiatur,
460 2542 494 2609 in
513 2565 617 2632 quem
638 2542 779 2608 aliarum
802 2565 915 2609 rerum
936 2543 1096 2611 varietate
1117 2546 1259 2615 allectus

140 2645 246 2711 libere
267 2645 372 2734 possit
400 2667 584 2713 excurrere.
636 2644 678 2712 ld
701 2645 813 2734 ipsum
835 2668 916 2713 vero
940 2668 1086 2736 poeseos
1106 2649 1258 2717 officium

141 2770 211 2814 esse
226 2730 327 2838 supr'a
343 2748 556 2833 ostendimus,
581 2758 619 2815 ut
633 2750 839 2839 cogitatione
854 2750 993 2816 aliarum
1005 2773 1128 2836 rerum,
1155 2776 1258 2841 quam

141 2873 227 2938 quae
252 2861 486 2942 argumentum
513 2851 666 2921 camrinis
686 2853 907 2937 constituunt,
933 2864 1081 2921 mentem
1097 2855 1257 2925 oblectet.

141 2952 246 3038 Quod
275 2964 392 3022 contra
416 2978 518 3045 prosa
549 2955 675 3038 oratio,
715 2979 802 3044 quae
833 2956 931 3025 unice
955 2958 998 3024 ad
1028 2958 1257 3049 cognitionem

140 3067 337 3146 comparata
358 3067 425 3144 est,
463 3058 588 3126 evitare
605 3059 714 3148 magis
736 3070 870 3149 tropos,
896 3069 934 3126 ut
949 3062 1008 3149 qui
1025 3061 1172 3128 animum
1188 3063 1256 3128 alio

140 3170 293 3243 avocent,
318 3161 445 3228 debere
464 3161 607 3230 videtur.
660 3160 774 3245 Quare
804 3165 832 3229 si
863 3161 953 3231 haec
980 3186 1117 3251 quoque
1147 3165 1255 3253 tropis

139 3263 256 3347 utitur,
285 3264 351 3331 alia
371 3264 514 3348 horum,
540 3287 643 3352 quam
658 3286 741 3350 quos
756 3266 867 3354 poesis
882 3264 1006 3347 habet,
1031 3266 1117 3331 ratio
1134 3268 1174 3332 sit
1193 3289 1255 3333 ne-

139 3387 233 3434 cesse
255 3375 313 3432 est.
364 3367 418 3436 Ac
431 3391 526 3452 sane,
541 3376 579 3434 ut
595 3387 698 3459 prosa
712 3366 817 3432 oratio
834 3367 978 3455 apoesi,
1003 3366 1050 3433 ita
1066 3368 1166 3436 etiam
1182 3378 1256 3437 tro-

137 3468 176 3560 pi
204 3491 327 3560 prosae
350 3471 507 3537 orationis
531 3495 551 3537 a
577 3468 720 3560 poeticis
737 3468 908 3537 differunt.
959 3471 1084 3539 Prosae
1098 3473 1255 3541 orationis

139 3579 189 3639 est
213 3573 443 3663 cognitionem
457 3597 569 3641 rerum
582 3572 721 3640 afferre:
747 3574 860 3662 itaque
874 3574 981 3664 tropi,
1008 3576 1127 3663 quibus
1141 3578 1255 3660 utitur,

136 3673 222 3740 tales
242 3685 331 3759 sunt,
358 3687 395 3744 ut
415 3700 486 3763 res,
513 3702 534 3744 a
554 3700 620 3766 qua
633 3677 740 3766 petita
753 3688 803 3745 cst
816 3679 1000 3760 translatio,
1021 3678 1065 3744 ad
1080 3679 1254 3767 cognitio-

136 3799 217 3844 nem
239 3779 308 3862 rci,
335 3779 505 3869 adquam
530 3780 731 3863 adhibetur,
764 3782 885 3848 referri
914 3782 1047 3848 debeat.
1097 3781 1138 3846 ln
1157 3780 1255 3869 poesi

135 3903 237 3966 vero,
280 3905 367 3970 quac
395 3886 542 3951 animum
573 3885 682 3950 libero
707 3884 948 3974 cogitationum
975 3885 1049 3949 lusu
1080 3883 1254 3952 oblectare

136 3983 268 4068 studet,
301 3985 389 4054 haec
411 3997 462 4054 est
483 3997 659 4078 troporum
680 3987 745 4071 via,
772 3997 807 4053 ut
831 4011 902 4072 res,
929 4008 1015 4074 quae
1037 3985 1168 4075 tropice
1190 4010 1254 4077 per

135 4085 239 4154 aliam
256 4112 330 4155 rem
345 4090 561 4180 significatur,
586 4112 650 4179 per
669 4112 743 4156 eam
758 4113 841 4172 rem,
856 4089 948 4157 uude
964 4088 1067 4154 ducta
1080 4098 1129 4155 est
1145 4100 1254 4158 trans-

135 4189 240 4275 latio,
268 4192 313 4258 ad
324 4193 425 4260 animi
439 4215 570 4259 sensum
583 4193 679 4259 variis
694 4194 950 4283 cogitationibus
962 4190 1172 4260 excitandum
1189 4187 1253 4262 ad-

135 4291 305 4365 hibeatur.
355 4295 527 4387 Exemplo
541 4295 631 4364 haec
646 4295 899 4364 declarabimus.
951 4295 1083 4465 Ιὸιοὲῐο
1098 4297 1252 4367 virtutem
