2826 4904
360 275 363 280 ’
416 395 418 399 Ι
484 296 533 360 rr
557 280 747 413 curren
773 295 958 367 trouve.
1206 307 1270 373 leo

133 471 215 543 lito
244 469 443 564 indulgens,
481 496 552 564 quo
582 477 697 574 σφαῖϊν
722 474 1147 572 ποθοίατοίααροῐωίοτ.
1210 477 1270 554 Sic

152 577 257 646 ctiam
277 577 373 645 lllad.
398 579 458 647 XI.
473 574 560 648 651.

547 697 552 705 “
778 679 866 758 οὐδέ
881 713 921 757 τι
942 680 1040 760 οἶδεν

256 782 422 874 πένθεος,
448 781 559 859 ὅσσον
578 783 694 882 ὄρωρε
706 781 801 858 τοτοῖ
815 783 986 885 στρατόν.

152 919 243 988 Tale
260 929 309 988 est
331 923 432 989 etiam
447 923 534 990 illud
549 923 799 1012 Aristophanis,
824 925 859 992 iu
878 924 972 993 Bosii
1000 925 1089 993 libro
1115 946 1266 996 comme-

153 1033 338 1110 moratum,
365 1025 433 1098 τοῦ
446 1020 658 1123 πράγματος
672 1019 821 1123 α’κήκοέν
835 1054 896 1118 τις
921 1036 955 1095 et
975 1026 1063 1098 haec
1083 1028 1268 1121 Sophoclis

151 1127 186 1194 in
206 1126 334 1198 Trach.
356 1127 467 1196 1122.

254 1258 552 1363 τῆςμητροςῆκω
570 1263 634 1360 τῆς
654 1264 740 1359 ἐμῆς
756 1258 918 1362 φράσων,
945 1271 983 1340 ἓν
1005 1267 1058 1350 οἷς

253 1371 318 1440 νῦν
333 1395 432 1442 εστιν
436 1423 451 1457 ,
478 1368 532 1448 οἷς
553 1365 591 1440 θ
608 1365 771 1468 ἥμαρτεν
790 1365 857 1460 οὐχ
879 1368 1034 1444 ἑκουσία.

149 1505 208 1574 et
197 1528 235 1572 m
253 1505 447 1574 Philocteta
467 1528 499 1574 v.
519 1503 652 1572 439.Ι

252 1639 401 1726 ἀναξίου
420 1637 491 1740 νοῖρ
518 1636 638 1739 φωτός
654 1637 869 1741 ἕξερῆοομαν

250 1741 387 1843 γλώσσῃ
400 1775 442 1821 τε
462 1746 586 1820 δεινοῦ
605 1745 665 1817 καὶ
679 1746 820 1840 σοφοῦ,
847 1742 887 1818 τί
906 1743 972 1819 νῦν
988 1753 1096 1845 κυρεῖ.

145 1891 180 1956 el
193 1883 365 1976 Euripidis
379 1883 414 1950 in
424 1879 614 1952 Phoenissis
628 1904 658 1949 v.
678 1877 790 1952 1351.
838 1926 842 1935 -
956 1888 963 1900 '
1266 1890 1330 1953 lat

249 2016 279 2097 ol
300 2015 449 2112 δώματ’,
475 2011 701 2101 εἰςανούοατ’
720 2017 875 2096 Οἰδίπου
888 2014 977 2095 τάδε

245 2122 407 2210 παίδων,
435 2120 579 2214 ὁμοίαις
596 2130 794 2219 ξυμφοραῖς
808 2118 1007 2197 ὀλωλότων.

143 2260 180 2331 ln
195 2260 320 2349 quibus
335 2258 497 2345 exemplis
514 2258 668 2324 omnibus
686 2259 746 2326 etsi
766 2260 932 2349 genitivus
949 2282 1015 2351 per
1032 2281 1068 2326 se
1083 2259 1172 2327 solus
1190 2282 1259 2351 po-

144 2366 224 2433 situs
246 2384 318 2429 esse
339 2357 521 2427 censendus
546 2368 608 2443 est,
636 2358 718 2446 quid
742 2369 944 2447 esttamen,
977 2384 1038 2430 cur
1055 2360 1100 2429 ad
1127 2363 1260 2454 ellipsin

143 2466 353 2555 confugere,
395 2480 498 2550 qnam
521 2460 560 2529 id
587 2463 735 2552 probare
760 2464 933 2548 malimuS,
966 2464 1062 2554 quod
1081 2467 1261 2555 antiquitus

142 2569 325 2661 intalibus
353 2563 506 2632 fonnulis
530 2565 718 2655 cogitatum
736 2566 837 2635 fuisse
859 2569 965 2635 verba
991 2570 1065 2659 ipsa
1088 2569 1259 2653 suadeant,

142 2671 206 2767 τῆς
218 2662 377 2767 μητρός,
403 2667 474 2740 τοῦ
487 2661 606 2764 φωτδς
624 2661 693 2764 τήν
709 2668 774 2740 νῦν
791 2664 918 2767 τύχην,
938 2669 1103 2744 Οἰδίπου
1119 2670 1258 2746 παίδων
1394 2687 1404 2693 “

141 2768 257 2846 edla?
283 2773 341 2844 Sic
361 2770 457 2860 quod
473 2779 523 2840 est
537 2771 573 2837 in
587 2770 770 2861 Sophoclis
784 2773 921 2842 Electra
934 2796 964 2842 v.
979 2771 1066 2841 alu.

245 2927 306 3001 ναὶ
331 2919 375 3024 δή
397 2923 435 3000 o'
456 2925 595 3022 ἐρωτῶ·
621 2925 690 2999 τοῦ
706 2921 902 3021 νασιγήτοω
917 2924 957 3000 ω’
968 2918 1049 3024 φής,

245 3025 392 3127 ἥξοντος
404 3028 428 3128 ἢ
442 3032 637 3124 μέλλοντος
642 3055 657 3121 ‚·

141 3184 226 3274 quid
247 3192 296 3252 est
316 3181 425 3267 aliud,
450 3205 553 3272 quam
571 3179 612 3254 τί
627 3177 695 3278 φῇς
711 3178 933 3278 α’δελφικόνὲ
957 3183 1109 3251 Rationis
1124 3183 1257 3252 formae

140 3287 213 3357 hoc
230 3296 279 3356 est
299 3286 393 3377 apud
409 3286 567 3356 eumdem
580 3293 721 3375 poetam
734 3287 769 3354 in
783 3285 975 3355 Trachiniis
991 3308 1024 3353 v.
1039 3282 1126 3351 394.

245 3451 290 3505 ως
312 3427 484 3520 i’pnoouoc
499 3419 636 3521 ἒιςθρᾷς
654 3420 757 3515 ἐμοῦ

138 3559 237 3652 quod
250 3558 391 3652 proprio
411 3561 440 3627 si
462 3558 573 3644 dicam,
598 3557 661 3633 erit
674 3554 719 3638 οἷς
732 3583 873 3683 ειςορας
880 3559 970 3653 εμον
985 3550 1072 3632 τοδε
1079 3607 1091 3647 ,
1117 3562 1253 3653 ἕρπον-

137 3690 213 3744 τος.
265 3663 344 3731 Duo
365 3662 431 3729 alia
444 3663 616 3752 exempla,
641 3685 730 3752 quae
744 3663 779 3730 in
793 3650 888 3731 Bosri
902 3662 1038 3753 librop.
1050 3659 1139 3728 734
1155 3682 1255 3728 conr·

138 3775 328 3836 memorata
346 3772 438 3850 sunt,
469 3788 537 3833 non
559 3764 630 3835 hue
651 3764 835 3857 pertinent,
869 3764 930 3832 sed
949 3765 994 3832 ad
1014 3764 1252 3832 commutatio-

137 3892 217 3938 nem
232 3869 326 3937 illam
343 3869 487 3939 duarum
497 3870 599 3939 locut'
579 3880 722 3951 tronum,
749 3868 795 3935 de
814 3890 882 3956 qna
905 3890 1006 3959 supra
1022 3865 1253 3989 exposuimus.

138 3999 185 4070 ως
197 3999 269 4065 yvo
283 3973 506 4061 χωομένοιο,
533 3981 567 4038 et
587 3965 797 4062 ἀεξομένοιο
817 3967 977 4042 διδασκει
989 3962 1145 4087 μηνόςτ
1144 3967 1181 4035 id
1203 3977 1252 4034 est
1388 3974 1391 3979 ’

138 4100 185 4154 ως
198 4075 330 4167 γνῶσιν
346 4075 427 4164 ἔσχε
445 4068 646 4165 χωομενου,
672 4082 706 4139 et
719 4065 969 4150 ltoduuoeto'c'
951 4097 1030 4143 εστι
1050 4095 1161 4166 μηνος
1183 4066 1250 4145 ole-

136 4178 305 4268 ξομένοα.
356 4177 476 4264 Neque
505 4174 550 4241 ad
570 4183 716 4243 nostram
739 4173 998 4265 disputationem
1018 4172 1164 4264 pertinet
1182 4169 1281 4244 So»

133 4279 276 4373 pluoolis
290 4279 412 4352 locus
402 4297 437 4353 ιω
455 4275 645 4350 Trachiniis
662 4299 695 4348 v.
715 4273 802 4346 927.
