2826 4904
521 311 592 371 DE
662 307 963 370 rosssuos.

701 480 793 549 vlit

644 626 695 690 na
716 626 859 690 ridiculo.

294 785 448 875 lienique
466 808 570 875 quum
592 785 723 855 formae
740 786 943 857 vocabulum
963 786 1011 854 ita
1031 784 1230 876 ambiguum
1254 784 1307 868 sit,

192 897 232 958 ut·
249 890 435 959 nniversam
457 889 662 961 tractationis
687 890 851 958 rationem
875 889 982 979 possit
1003 887 1307 979 comprehendere,

193 994 292 1061 etiam
305 991 350 1059 ad
366 993 466 1060 animi
478 992 683 1078 affectiones,
701 1015 784 1081 quas
801 994 912 1083 poesis
921 990 1068 1077 suscitat,
1086 989 1308 1082 designandas

194 1095 383 1164 adhibitum
400 1105 458 1163 est
493 1095 623 1180 Quibus
639 1097 738 1165 animi
752 1094 986 1165 allectionibus
1003 1095 1029 1162 si
1047 1095 1137 1162 solus
1150 1093 1309 1161 formosi-

192 1201 269 1267 tatis
285 1218 326 1267 ac
338 1198 545 1267 sublimitatis
556 1222 667 1268 sensus
681 1199 889 1290 intelligitur,
902 1220 992 1282 saue,
1005 1206 1043 1264 ut
1059 1207 1156 1264 antea
1165 1195 1310 1263 demon·

194 1310 331 1370 atratum
346 1309 409 1387 est,
431 1306 635 1371 necessariae
657 1301 825 1393 quaedam
839 1302 1023 1369 carminum
1038 1300 1216 1368 divisiones
1229 1298 1310 1366 inde

76 1480 82 1488 ,
193 1404 264 1496 peti
276 1413 430 1495 possunt:
442 1405 492 1472 sin
507 1407 592 1473 aliae
609 1428 745 1495 quoque
759 1405 859 1472 animi
875 1404 1117 1472 commotiones
1129 1404 1191 1470 isto
1200 1401 1311 1468 nomi-

64 1594 66 1599 ,
194 1531 238 1577 ne
255 1507 478 1598 appellantur,
498 1517 608 1597 patet,
630 1532 717 1598 quae
731 1506 784 1575 his
803 1507 946 1574 nitantur
960 1517 1156 1597 poematum
1171 1504 1312 1571 diversi·

192 1619 297 1698 tates,
327 1632 382 1677 eas
404 1611 609 1700 experientia
627 1621 755 1681 tanturn
774 1611 952 1701 cognosci,
978 1610 1024 1677 ob
1045 1630 1187 1697 eamque
1204 1629 1312 1675 rema

96 1801 99 1807 Ι
193 1710 436 1806 philosophica
452 1713 652 1782 dividendae
670 1736 813 1805 poeseos
834 1713 962 1780 ratione
975 1711 1168 1779 abhorrere.
1207 1711 1247 1778 ln
1258 1708 1312 1776 his

195 1817 298 1884 animi
311 1817 591 1885 commotionibus
605 1818 688 1885 riam
703 1825 772 1901 est,
798 1816 856 1905 qui
871 1816 952 1885 licet
966 1837 1029 1906 per
1044 1838 1080 1883 se
1093 1814 1188 1882 nullo
1205 1811 1311 1880 modo

195 1918 241 1987 ad
256 1918 487 2009 pulcritudinis
502 1942 633 1988 sensum
640 1919 758 1986 referri
773 1920 885 2008 queat,
901 1920 1007 1986 multo
1019 1927 1133 1985 tamen
1146 1939 1224 1986 cum
1238 1915 1312 1982 fru-

196 2030 255 2092 ctu
268 2029 302 2088 et
316 2019 417 2088 laude
431 2021 466 2087 in
478 2043 519 2088 eo
535 2021 709 2091 excitando
724 2043 864 2112 operam
877 2029 1000 2113 poetae
1014 2020 1192 2091 collocant
1219 2017 1313 2103 Quid

195 2123 237 2191 sit
252 2132 366 2190 autem
383 2123 583 2210 ridiculum,
617 2146 752 2209 eorum,
790 2146 875 2213 quos
892 2122 1051 2212 equidem
1066 2124 1186 2207 sciam,
1211 2143 1319 2193 nemo.

195 2225 329 2295 videtur
336 2224 411 2293 satis
423 2227 616 2316 explicasse.
644 2227 776 2312 Quodsi
783 2228 885 2295 risum
893 2227 1068 2318 primm-ut
1081 2249 1144 2318 par
1159 2234 1217 2309 est,
1231 2245 1313 2315 psy-

196 2328 380 2420 chologica
400 2331 530 2398 ratione
543 2329 806 2416 consideramus,
832 2353 910 2399 eum
924 2332 968 2397 ab
981 2329 1246 2421 repugnantibus
1258 2326 1313 2393 af-

195 2431 396 2501 fectionibus
406 2434 497 2502 nasci
510 2435 659 2502 omnium
678 2434 882 2524 experientia
898 2433 1109 2524 comprobat.
1142 2429 1314 2521 Affectio,-

195 2557 253 2604 nes
267 2544 379 2604 autem
399 2558 515 2605 omnes
535 2546 592 2604 aut
611 2535 778 2605 iucundae
800 2535 1042 2604 iniucundaeve
1063 2542 1153 2617 sunt,
1175 2543 1233 2598 aut
1252 2553 1314 2599 vo-

195 2638 333 2727 luptatis
353 2638 479 2726 pariter
499 2658 541 2704 ac
563 2638 689 2704 doloris
711 2646 873 2726 expertes.
924 2637 1042 2723 ltaque
1056 2643 1113 2701 aut
1126 2634 1315 2702 iucundita-

195 2739 242 2807 tis
253 2747 354 2829 atque
365 2739 612 2807 iniucunditatis
624 2739 772 2827 quadarn
782 2738 1006 2830 repugnantia
1018 2736 1145 2804 animus
1160 2758 1315 2806 commo-

195 2849 310 2926 vetur,
329 2850 388 2908 aut
402 2841 564 2909 eiusmodi
580 2840 775 2909 affectiones
789 2842 853 2910 sibi
868 2840 1097 2925 adversantur,
1118 2863 1208 2929 quae
1221 2841 1315 2907 nulla

196 2942 377 3034 voluptatis
388 2943 517 3012 ratione
530 2944 696 3012 aestimari
708 2954 859 3035 possunt.
911 2945 951 3011 ln
973 2965 1043 3034 quo
1065 2966 1144 3013 casu
1160 2942 1236 3011 satis
1255 2951 1315 3027 est,

197 3046 225 3114 si
240 3070 307 3115 una
322 3055 451 3114 tanturn
470 3046 608 3115 affectio
621 3047 803 3139 voluptatis
823 3047 991 3116 dolorisve
1005 3069 1102 3116 sensu
1123 3069 1241 3137 expers
1256 3055 1315 3129 est,

197 3150 278 3241 quia
289 3159 362 3225 tum
377 3149 491 3235 altera,
515 3170 695 3240 quaecum
710 3151 824 3242 priore
840 3159 981 3243 pugnat,
1005 3173 1074 3219 non
1099 3148 1315 3232 iucunditate,

198 3252 260 3322 sed
273 3274 334 3338 eo,
357 3254 452 3342 quod
466 3253 644 3344 aliaplane
662 3263 720 3340 est,
736 3255 786 3322 illi
804 3255 1006 3323 adversatur.
1037 3254 1092 3323 Ac
1103 3254 1206 3321 risum
1221 3274 1262 3320 ex
1276 3274 1317 3319 ea

199 3355 658 3455 affectionum'repugnautia
676 3357 784 3443 nasci,
811 3381 899 3448 quae
920 3379 988 3426 non
1003 3366 1052 3426 est
1065 3358 1100 3424 in
1113 3355 1316 3425 iucunditate

198 3469 300 3548 atque
315 3458 553 3529 iniucunditate
572 3460 717 3552 diligens
733 3461 956 3552 experientiae
974 3482 1053 3529 usus
1071 3459 1235 3543 ostendit,
1253 3480 1308 3526 vo

113 3592 116 3597 ·
198 3561 336 3653 luptatis
355 3571 390 3632 et
402 3562 529 3631 doloris
542 3565 809 3634 coniunctionem
822 3564 915 3632 fletui
931 3563 1109 3656 assignans.
1152 3563 1232 3630 Non
1244 3584 1317 3628 sum

199 3666 340 3757 quidem
352 3665 498 3752 nescius,
520 3688 637 3735 eorum
651 3668 795 3736 maxime
809 3667 965 3758 exempla
979 3665 1014 3734 in
1029 3663 1229 3753 contrariam
1241 3688 1317 3732 sen-

199 3769 337 3838 tentiam
348 3769 462 3839 afferri
473 3791 583 3862 posse,
597 3771 654 3860 qui
671 3794 777 3860 quum
792 3772 900 3839 tristes
916 3775 1007 3855 sunt,
1020 3768 1194 3858 repentina
1201 3767 1317 3858 gaudii

199 3873 339 3943 alicuius
353 3873 561 3943 succesdone
572 3872 607 3940 in
618 3874 721 3942 risum
734 3873 962 3943 coniiciuntur.
987 3873 1036 3942 At
1048 3870 1135 3943 illud
1149 3893 1268 3940 vereor
1281 3881 1319 3937 ut

200 3976 306 4065 possit
325 3977 423 4045 aliter
446 3977 537 4062 lieri,
563 3999 666 4065 quam
687 3977 755 4062 ita,
776 3984 819 4044 nt
830 3975 886 4042 vel
902 3975 981 4063 quia
992 3975 1145 4044 tollenda
1160 3973 1320 4042 maeroris

201 4100 318 4147 caussa
331 4079 495 4170 gaudium
511 4081 761 4163 continebatur,
783 4080 839 4146 vel
852 4068 947 4167 quod
964 4080 1014 4148 rei
1030 4079 1158 4147 novitas
1172 4077 1320 4145 oblivio-

173 4223 175 4226 >
200 4203 279 4248 nem
291 4180 417 4250 doloris
425 4180 628 4269 adducebat,
640 4182 834 4251 remissione
847 4190 976 4252 tantum
991 4194 1026 4252 et
1033 4183 1210 4272 languore,
1218 4203 1320 4269 quem

200 4282 526 4375 tristitiareliquerat,
539 4285 704 4355 vincendo
718 4285 801 4355 risos
811 4286 981 4356 excitetur.
1007 4285 1163 4371 Quorum
1174 4283 1321 4353 uberiori
