2826 4904
297 330 498 394 Fluviis
525 334 610 395 scE
623 333 746 395 NlClS
776 332 1101 398 DlSSEllTATIO.
1183 338 1249 402 298

142 506 253 590 tione,
292 506 417 594 inquit,
463 504 661 595 accipienda
688 518 764 577 suut
794 505 898 574 verba
923 527 1044 597 parum
1071 506 1250 594 intellecta,
1310 552 1313 557 ·

142 630 229 695 quae
250 609 285 676 in
306 607 495 677 didascaliis
516 608 707 676 fabularum
724 609 999 677 Terentianamm
1022 610 1249 700 reperiuntur:
1310 642 1316 651 ·

143 711 220 802 egit
243 709 435 778 Ambivium
487 710 609 778 Nescio
631 734 700 799 quo
728 722 926 803 argumento
945 713 1023 782 hoc
1043 713 1150 797 dicat,
1180 714 1248 780 mi·
1311 745 1315 751 ·

142 835 264 902 rorque
284 814 421 903 placere
440 812 471 879 ei
491 813 825 903 interpretationem,
845 837 934 903 quae
955 816 1000 882 ab
1020 816 1112 882 omni
1133 815 1249 883 verisi-

141 916 328 983 militudine
348 915 544 1000 abhorreat,
571 916 746 1007 displicere
760 916 987 1005 illm,.quae
1011 918 1086 984 fieri
1106 919 1162 986 vix
1180 939 1249 1007 po-

142 1026 205 1085 test
228 1019 309 1107 quin
325 1042 406 1086 vera
427 1020 477 1084 sit
528 1019 616 1086 Nam
635 1028 671 1086 ut
685 1019 847 1110 tantisper
860 1018 1100 1104 concedamus,
1124 1021 1160 1086 in
1186 1042 1249 1088 usu
1318 1058 1321 1065 ·

142 1121 241 1189 luisse
256 1122 403 1209 aliquam
413 1121 601 1190 interactus
615 1122 785 1192 mimicam
799 1122 1031 1205 saltationem„
1042 1123 1117 1211 quis
1131 1121 1257 1190 credat-

143 1246 218 1290 eam
239 1222 379 1315 dignam
398 1246 469 1290 esse
490 1222 658 1309 habitam,
684 1225 822 1314 quaein
837 1224 1026 1292 didascaliis
1041 1247 1250 1294 commemo-

141 1335 286 1410 raretur,
320 1348 488 1415 quamne
511 1327 555 1393 ad
578 1329 686 1416 ipsam
712 1328 851 1417 quidem
877 1327 1031 1395 fabulam
1054 1328 1251 1420 pertineret:

141 1428 229 1496 illud
249 1439 362 1497 autem
380 1451 450 1496 non
473 1429 574 1497 fuisse
596 1430 809 1517 adnotatum,
840 1430 899 1520 qui
921 1428 1102 1498 histriones
1123 1431 1250 1521 primas

118 1536 253 1620 'partes
273 1531 438 1623 egissent?
467 1532 513 1600 Et
536 1556 595 1603 cur
616 1532 685 1600 duo
707 1535 780 1603 fere
801 1542 1047 1616 memorantur,
1079 1535 1139 1619 qui
1165 1556 1249 1624 ege·
1283 1556 1286 1560 ·
1319 1574 1322 1579 ·

141 1633 232 1700 rint?
256 1643 294 1702 ut
314 1637 348 1702 in
364 1635 510 1719 Andria,
534 1637 569 1702 in
591 1634 777 1721 Eunucho,
799 1636 834 1701 in
858 1635 1250 1719 Heautontimorumeno,
1318 1682 1321 1689 -

140 1737 175 1803 iu
194 1736 418 1806 Phormione:
444 1745 595 1827 egerunt
607 1736 649 1804 1..
667 1736 1000 1828 Ambiviuslhrpio
1019 1735 1250 1805 etnArmm
1320 1768 1324 1773 ·

141 1839 403 1908 Praenestinus.
454 1840 494 1905 In
509 1838 695 1929 Adelphis:
719 1859 830 1932 egere
843 1839 885 1908 L.
903 1838 1033 1909 ,Atilius
1044 1838 1267 1908 Praeneste.
1321 1888 1323 1892 -

138 1963 220 2026 aaa,
253 1940 425 2009 Minatius
446 1940 669 2033 Rothymira.
727 1941 842 2034 Magis
868 1943 969 2017 etiam
994 1965 1078 2010 rem.
1100 1941 1250 2013 declarat

139 2045 284 2134 Hecyra.
336 2045 395 2112 Ad
409 2047 480 2112 eius
500 2046 648 2136 primum
660 2044 846 2136 prologum
866 2069 897 2113 v.
913 2043 947 2112 l.
969 2044 1015 2112 ita
1038 2045 1154 2114 scribit
1172 2045 1249 2112 Do-

138 2155 252 2214 natus:
280 2148 408 2214 virtute
430 2155 590 2215 actorum
609 2149 651 2218 L.
672 2147 828 2216 Ambivii
855 2154 889 2214 et
906 2147 947 2213 L.
977 2146 1161 2237 Turpionis
1192 2155 1271 2218 catti
1330 2170 1332 2174 ’

139 2248 414 2315 cornmcndata.·
445 2251 499 2316 Ex
518 2249 635 2334 titulo,
662 2251 697 2316 in
718 2271 788 2337 quo
800 2256 876 2332 est,
897 2248 978 2341 'egit
1002 2247 1055 2315 L..
1069 2246 1250 2318 Ambiviua
1320 2281 1323 2286 ⁴

144 2349 296 2442 diripio:
315 2349 472 2441 placuit:
497 2343 652 2420 coniicias
664 2351 878 2420 scribendum
894 2372 992 2434 esse,
1008 2349 1248 2426 vincianam
1272 2377 1275 2383 ·

138 2475 240 2535 rum,
272 2460 307 2520 ct
326 2453 368 2520 L.
390 2451 546 2521 Ambivii
573 2453 777 2548 lhipionie,
810 2453 871 2521 uisi
898 2474 1028 2520 nomon
1048 2455 1181 2523 actoris>
1194 2476 1249 2520 se-

139 2554 326 2624 cundarum
338 2555 482 2645 partium
499 2556 629 2624 excidit.
679 2557 776 2624 ldem
791 2554 841 2623 ad·
854 2554 983 2622 initium
1005 2555 1143 2625 aecundi
1164 2576 1250 2645 pro-
1325 2588 1328 2595 ¹

139 2659 227 2750 logi:
252 2680 337 2724 uam
352 2658 476 2726 totiena
491 2661 639 2751 expulsu
652 2657 792 2752 sabula
803 2657 975 2750 momodo
988 2657 1128 2727 honeste
1145 2679 1249 2727 muo-
1328 2700 1332 2704 -

138 2760 347 2851 computruit
367 2761 403 2828 iu
426 2763 671 2853 proscenium,
698 2762 768 2830 iiisi
786 2760 1008 2854 primoipcu
1031 2759 1261 2852 impuderata.
1326 2808 1329 2813 -

133 2887 205 2956 pro
214 2862 363 2958 fiducia
372 2861 627 2957 profametur?
652 2863 782 2933 deinde
805 2871 907 2933 actor
920 2862 1155 2954 peritissima
1174 2863 1251 2955 ipae

138 2966 321 3035 Ambiviua
337 2967 513 3057 probaret
536 2976 571 3035 et
584 2977 733 3060 poetam
749 2974 783 3035 et
804 2966 1039 3053 comoediam,
1066 2968 1165 3036 cuim
1182 2988 1250 3034 au·
1329 3012 1332 3017 «

137 3070 284 3137 ctoritaa
301 3069 413 3138 elucet
427 3093 471 3138 ex
482 3067 628 3140 verbis?
654 3071 723 3140 Sed
746 3070 829 3159 quid
844 3069 978 3136 Donato
1000 3079 1137 3139 auctore
1160 3078 1250 3152 utor,
1306 3114 1309 3119 -
1332 3100 1334 3105 ¹

137 3195 242 3261 quum
261 3171 387 3260 ipsein
408 3195 449 3241 eo
473 3174 624 3263 prologo
642 3174 822 3243 Ambivius-
839 3194 870 3238 v.
888 3169 948 3238 31.
976 3169 1021 3236 de
1045 3194 1080 3238 se
1099 3169 1250 3252 testimo·¹
1306 3198 1310 3204 ·

138 3277 228 3344 nium
251 3273 355 3341 edat?
1049 3299 1051 3306 ·

210 3409 335 3480 Primo
352 3405 435 3477 'rictu
451 3409 602 3501 placeo:
627 3429 733 3500 quum
755 3409 891 3477 interea
906 3426 1029 3473 tumor
1043 3408 1148 3493 verrit,

211 3515 348 3582 Datum
365 3512 411 3580 iri
426 3513 670 3603 gladiatores,
690 3511 847 3604 populna
863 3510 1042 3594 convolat,
1151 3587 1153 3592 ,

217 3616 513 3700 lhmultuantur,
531 3616 704 3699 clamant,
731 3621 903 3707 pugnam
924 3612 1093 3681 deloco:

212 3719 299 3811 Ego
321 3719 456 3786 interea
479 3741 595 3786 meum
617 3741 685 3786 uon
698 3718 808 3816 potui
822 3716 1079 3816 totavilocum.

135 3859 252 3940 Haec,
278 3856 418 3945 opinor,
443 3850 528 3922 nihil
545 3855 758 3925 dubitationis
775 3854 980 3943 relinquunt,
1000 3851 1083 3941 quid
1098 3852 1138 3918 sit
1152 3845 1248 3937 illud,

136 3961 213 4052 egit
236 3957 429 4027 Arnhiviua.

138 4098 141 4105 '
236 4093 308 4162 Sed
330 4092 600 4185 progrediamur.
658 4092 713 4163 De
737 4092 857 4160 eadem
884 4094 947 4161 ista
977 4090 1112 4160 mimica
1144 4089 1248 4157 salta-

135 4199 244 4282 tione,
257 4190 467 4286 ,quaejam
491 4207 585 4267 actus
608 4191 757 4264 exhibita
778 4194 897 4280 fuerit,
926 4186 1014 4265 haec
1034 4216 1170 4283 quoque
1192 4191 1247 4260 di.-

137 4300 357 4371 dascaliarum
385 4301 506 4386 verba,
548 4299 671 4368 modos
689 4298 784 4393 fecit
815 4297 984 4384 Flaccus,
1026 4295 1247 4390 intelligenda
