2826 4904
460 108 507 170 IN
538 108 727 171 GRAECA
753 109 942 172 LINGVA.
1197 114 1259 178 151
1287 181 1290 192 ,

148 290 238 350 retur
252 288 310 355 aut
324 280 502 367 scriberet,
527 304 616 353 nunc
638 283 804 353 concisior
822 292 922 370 esset,
943 303 1032 352 nuno
1052 282 1259 375 explicatior,

146 384 424 476 ispieonasmum
437 406 515 454 cum
532 385 648 475 copia,
674 386 808 478 ellipsin
832 409 910 457 cum
935 386 1098 456 brevitate
1116 387 1260 456 comun-

145 489 251 556 deret.
312 489 367 556 Ac
387 487 485 555 multi
508 487 601 558 hunc
622 511 771 557 errorem
799 488 1021 575 admiserunt,
1055 491 1201 559 maxime
1225 489 1260 557 in

144 591 361 682 pleonasmo,
403 614 508 679 quum
532 590 705 660 abundare
733 592 925 679 crederent,
965 615 1052 683 quae
1076 593 1111 662 in
1140 592 1261 662 iisdem

144 693 281 764 dicendi
297 694 450 762 formulis
474 694 547 762 aliis
570 694 605 762 in
626 694 709 764 locis
724 695 846 764 omissa
868 705 992 781 essent,
1012 717 1086 764 non
1099 704 1261 786 reputan-

141 806 211 883 tes,
238 796 463 882 econtrario,
489 797 549 866 ubi
571 798 766 888 ista'posita
787 808 861 866 sunt
884 799 928 869 ab
949 798 1090 888 antiquis
1114 799 1260 890 scripto·
1360 817 1363 824 ’

141 901 257 984 ribuS,
290 898 516 968 desideratum
540 899 598 987 iri,
631 902 659 969 si
686 922 755 968 non
780 909 887 970 essent
912 901 1038 992 posita3
1069 902 1130 971 ubi
1147 910 1260 969 autem

142 1004 282 1089 omissa,
309 1003 428 1071 omissa
443 1002 544 1071 fuisse
557 1014 758 1094 propterea,
785 1004 943 1094 quodibi
964 1005 1075 1097 posita
1090 1004 1260 1096 superflua

141 1099 289 1175 fuissent
348 1107 422 1174 Nec
452 1128 530 1173 raro
535 1100 655 1177 idem
689 1129 783 1209 error
809 1109 900 1179 circa
928 1108 1060 1199 ellipsin
1085 1107 1259 1193 invenitur,

140 1232 211 1293 ιιοιι
241 1208 596 1293 animadvertentibus,
633 1211 691 1299 qui
714 1176 759 1279 de
784 1209 839 1279 his
865 1211 1082 1302 scripserunt,
1115 1211 1152 1311 in
1177 1208 1259 1279 bre·
1356 1198 1361 1206 Χ

139 1314 236 1381 ιιοιι,
258 1311 396 1381 dicendi
424 1312 530 1380 modo
554 1310 639 1380 nihil
663 1336 732 1382 esse
753 1314 1001 1405 supplendum,
1032 1314 1121 1404 quia
1122 1314 1168 1382 iu
1183 1336 1259 1382 am-

140 1413 272 1507 pliore,
297 1425 336 1483 ut
358 1437 496 1507 prorsus
520 1415 692 1504 diverso,
697 1415 782 1484 nihil
806 1426 871 1502 est,
897 1417 992 1507 quod
1013 1417 1123 1487 omitti
1141 1416 1257 1509 possit.

141 1519 281 1605 Clarum
303 1541 383 1587 vero
400 1528 465 1605 est,
494 1542 601 1608 quum
616 1520 662 1589 de
681 1519 791 1610 ellipsi
806 1529 840 1588 et
856 1520 1056 1610 pleonasmo
1078 1519 1256 1609 quaeritur,

139 1622 366 1718 integritatem
403 1621 560 1690 orationis
585 1645 654 1692 non
687 1645 788 1713 posse
816 1622 917 1690 aliam
951 1621 1114 1714 intelligi,
1153 1643 1257 1712 quam

139 1725 412 1817 grammaticam,
446 1723 589 1814 quaein
611 1718 653 1795 eo
676 1732 725 1793 est
745 1723 874 1817 posita,
898 1733 936 1794 ut
956 1727 1070 1795 omnia
1091 1724 1256 1811 dicantur,

139 1851 227 1919 qnae
251 1830 325 1919 quis
343 1828 486 1921 cogitari
503 1825 594 1896 velit.
643 1830 762 1918 ltaque
780 1826 807 1896 si
827 1836 919 1900 recte
935 1829 1076 1900 definire
1088 1828 1255 1914 volumus,

138 1932 263 2024 ellipsis
278 1940 327 2000 est
342 1932 477 2000 omissio
491 1931 670 2016 vocabuli,
697 1931 791 2021 qnod
811 1932 872 2001 etsi
887 1953 956 2002 non
980 1932 1125 2018 dictum,
1155 1931 1256 2023 cogi-

138 2044 227 2102 tatur
244 2043 370 2120 tamen3
401 2034 617 2127 pleonasmus
637 2042 749 2102 autem
778 2032 922 2103 adiectio
948 2033 1125 2119 vocabuli,
1154 2033 1321 2123 quodloz

138 2137 202 2204 etsi
223 2134 394 2221 additum,
420 2145 533 2202 tamen
552 2157 621 2201 non
643 2136 821 2225 cogitatur.
873 2134 945 2203 Sed
962 2159 1007 2203 ne
1026 2135 1095 2205 hac
1116 2134 1255 2228 quidem
1338 2177 1340 2186 =

138 2238 351 2305 definitiones
386 2236 571 2327 quidquam
601 2237 750 2304 utilitatis
778 2236 925 2324 habent,
963 2238 1024 2306 nisi
1053 2238 1256 2323 ostendatur,

136 2343 239 2432 quale
258 2340 406 2425 sithoc,
432 2350 490 2408 ant
508 2340 614 2431 possit
637 2362 724 2423 esse,
757 2340 851 2429 quod
874 2363 943 2410 non
961 2340 1254 2436 dictumcogita'ri,

137 2454 195 2514 ant
210 2443 342 2513 dictum
355 2467 425 2512 non
447 2443 590 2535 cogitari
604 2451 715 2532 queat.

395 2713 439 2775 ιι.
484 2710 590 2789 cura
621 2690 698 2775 'raon
729 2715 788 2775 sot
817 2707 994 2796 ellipsis
1099 2797 1101 2802 .

240 2890 422 2965 Ordiamur
441 2893 486 2963 ab
509 2893 628 2985 ellipsi.
685 2893 798 2984 Atque
826 2902 902 2964 ante
931 2893 1044 2962 omnia
1066 2893 1254 2965 cavendum

137 3007 203 3081 est,
228 3020 271 3065 ne
286 2998 410 3088 ellipsis
430 2997 657 3066 confundatur
680 3018 758 3064 cum
775 2988 908 3066 duobus
925 2998 997 3064 aliis
1020 2995 1156 3065 dicendi
1176 3017 1254 3064 mo-

137 3099 209 3183 dis,
235 3122 379 3188 quornm
391 3102 428 3167 in
441 3100 547 3167 altero
557 3100 595 3166 id
610 3099 791 3183 omittitur,
818 3100 912 3187 qnod
934 3123 954 3166 c
973 3096 1253 3217 praecedentibus

137 3202 194 3270 vel
215 3204 427 3292 sequentibus
444 3202 557 3269 verbis
570 3200 852 3290 intelligendum
876 3209 940 3284 est,
972 3202 1006 3267 in
1036 3200 1143 3267 altero
1169 3221 1255 3291 pro·
1321 3199 1323 3203 ’

136 3314 215 3396 pter
239 3306 345 3376 varias
376 3328 507 3376 caussas
535 3302 663 3392 aliquid
690 3301 886 3372 inchoatum
907 3303 1134 3406 abrumpitur,
1166 3325 1254 3386 qnae

136 3409 249 3499 figura
276 3409 483 3501 aposiopesis
508 3415 657 3514 vocatur.
700 3405 824 3475 Prioris
845 3429 978 3499 genens
990 3398 1149 3500 exempla
1164 3406 1253 3474 haec

134 3520 250 3579 sunto:

139 3728 145 3734 ,
240 3644 270 3721 oi
282 3647 443 3773 μῆτερ,
451 3642 531 3744 ἥτις
550 3650 587 3719 ἐν
604 3644 828 3769 τυραννικῶν
847 3640 1000 3739 δόμων

204 3745 443 3826 δούλειον
419 3775 519 3847 ημαρ
535 3745 644 3835 εἶδες,
671 3746 716 3828 oio
730 3741 900 3846 πράσσεις
916 3744 1043 3836 κακῶς,

140 3934 144 3940 ,
241 3852 395 3949 ὅσονπερ
416 3849 456 3925 εὖ
476 3847 576 3923 ποτ’·

91 4009 94 4013 ’
135 3992 197 4060 ubi
221 4014 326 4081 quum
345 3987 522 4058 manifesto
542 3986 789 4081 intelligatur''
767 4009 958 4082 επρασσες,
983 4005 1053 4050 ιιοιι
1073 3992 1123 4052 cst
1142 4007 1182 4056 ea
1197 3993 1250 4056 ta-

137 4118 215 4189 men
227 4118 308 4165 vera
328 4091 454 4185 ellipsis
468 4089 644 4183 putanda,
670 4091 751 4180 quia
773 4087 953 4180 praecessit
973 4087 1113 4157 verbum
1129 4085 1251 4188 πράσ-
