2826 4904
144 341 210 405 840
251 334 399 400 ortasio
419 335 460 398 Ill
483 332 702 401 svrrnlcls.
724 334 775 397 OB
794 335 971 399 SVSCEPT.
993 334 1043 398 AB
1064 336 1200 402 Emer.

84 590 91 605 ,
144 531 227 578 num
249 515 315 595 est,
341 507 531 593 exstitisset,
556 508 623 576 alie
639 531 761 601 regum
776 531 914 599 quoqne
927 517 1006 578 nata
1019 517 1094 578 sunt
1110 510 1261 602 negotia,

145 612 213 681 alia
227 611 353 694 officia,
378 610 465 679 aliae
479 611 632 681 vientes:
658 610 821 702 qnodque
838 619 915 680 ante
930 613 1032 684 facile
1045 613 1165 698 fueret,
1192 614 1263 684 dif-

95 712 100 719 ”
143 715 235 785 ticile
256 714 428 785 redditum
444 723 494 782 est
512 723 545 782 et
559 716 806 807 periculosum,
830 739 941 806 neque
961 717 1006 786 ab
1022 732 1097 785 'nno
1109 717 1262 786 sustineri

143 820 258 912 potnit
279 818 404 909 sceptri
423 813 570 911 pondus.
678 868 683 877 .
1289 829 1294 833 ’

245 1022 300 1094 Ac
323 1046 429 1114 quum
452 1031 530 1093 ante
552 1021 700 1114 primum
715 1023 751 1090 in
768 1021 870 1114 regiis
882 1022 1058 1092 viantibus
1077 1027 1195 1093 locmn
1208 1032 1272 1092 te·-

142 1125 267 1195 nnisset
282 1126 465 1213 fortitudo,
489 1126 674 1197 secundnm
690 1125 869 1218 sapientias
890 1126 1004 1213 cessit,
1033 1134 1072 1195 ut
1093 1149 1158 1218 par
1178 1136 1263 1213 erat,

141 1228 306 1298 fortitudo
323 1230 521 1322 sapientiae,
545 1229 676 1320 privata
694 1230 797 1298 virtus
820 1230 988 1321 publicae.
1014 1229 1156 1299 Fortem
1166 1230 1261 1299 enim

143 1355 215 1401 esse
226 1355 347 1423 regem
362 1333 480 1419 decet,
506 1333 586 1422 quia
601 1332 681 1403 civis
695 1341 762 1414 ,est3
787 1334 990 1423 sapientem,
1015 1333 1095 1422 quia
1109 1355 1181 1402 rex·
1222 1333 1261 1402 Si

143 1434 227 1503 olim
248 1436 375 1526 primus
398 1457 463 1528 pro
487 1436 598 1527 patria
620 1443 725 1525 capnt
744 1435 871 1505 offerre
894 1435 994 1504 morti
1020 1436 1169 1506 debebat
1190 1459 1261 1522 rex,

141 1538 239 1627 qnod
262 1538 330 1611 hac
350 1561 390 1608 re
409 1541 554 1607 maxime
578 1538 738 1629 prodesse
761 1539 888 1638 civibus
909 1548 1061 1632 poterat,
1091 1539 1260 1626 etdaoile,

8 1666 11 1672 ·
142 1642 202 1730 qni
223 1643 293 1712 eius
313 1644 428 1714 locum
453 1643 622 1734 expleret,
658 1642 744 1709 alter
762 1643 1009 1733 reperiebatur:
1040 1664 1132 1713 nunc
1147 1643 1260 1712 vivere

141 1767 208 1839 pro
238 1747 350 1837 patria
372 1745 463 1838 regis
485 1754 550 1831 est,
584 1765 653 1820 non
682 1744 812 1835 perire,
845 1745 940 1834 qnod
968 1769 1053 1837 rege
1078 1755 1274 1837 perempto·

142 1849 294 1919 concidit
311 1872 424 1917 rerum
446 1850 550 1934 ordo,
584 1870 695 1936 neque
712 1847 813 1916 'idem
836 1857 949 1918 manet
972 1849 1166 1935 cosmidum,
1203 1856 1261 1916 ant

142 1951 264 2019 eadem
288 1953 338 2020 rei
362 1953 520 2042 publicae
544 1949 703 2020 conditio.
754 1950 917 2020 Sanctum
940 1961 989 2021 est
1018 1955 1110 2044 regis
1141 1960 1260 2044 caput:

141 2055 201 2143 qui
228 2063 267 2124 ut
288 2055 430 2147 ignavus
462 2055 570 2138 foret,
615 2053 644 2120 si
676 2052 880 2123 detrectaret
912 2056 1028 2123 mortis
1048 2056 1260 2145 pericnlum,

141 2180 246 2247 qaum
263 2158 298 2225 in
318 2167 468 2228 extremo
491 2179 605 2227 rernm
628 2155 816 2227 discrimine
839 2157 1098 2228 inflammandae
1116 2166 1192 2226 sunt
1214 2157 1259 2224 ad

75 2257 78 2263 ’
140 2261 373 2332 fortitudinem
408 2262 609 2331 bellantium
640 2269 812 2347 catervae,
862 2261 909 2328 ita
939 2261 1032 2329 idem
1063 2261 1259 2331 temerarius

141 2375 241 2451 esset,
267 2366 312 2450 si,
339 2364 449 2434 militis
463 2364 601 2434 laudem
612 2363 710 2456 regio
725 2363 841 2442 officio
856 2373 1081 2455 anteponens,
1106 2366 1259 2456 privatae

140 2470 267 2538 virtutis
280 2469 427 2562 gloriam
443 2476 630 2558 quaereret,
648 2468 833 2537 communis
848 2468 962 2536 salutis
978 2469 1110 2537 oblitus.
1137 2467 1256 2538 Omnis

139 2575 261 2660 virtus,
288 2595 376 2663 qnae
393 2573 479 2666 regii
500 2569 647 2641 muneris
666 2573 809 2662 propria
829 2580 898 2658 est,
928 2573 1072 2641 nuncin
1094 2572 1257 2663 sapientia

140 2686 307 2761 versatur,
330 2675 427 2745 ,onius
450 2676 539 2744 duae
561 2683 636 2743 sunt
654 2683 784 2766 partes,
815 2674 1057 2744 diversissimae
1081 2675 1162 2743 illae
1183 2674 1260 2764 qui-

140 2780 238 2864 dem,
272 2778 333 2847 sed
356 2800 424 2848 non
443 2778 690 2864 dissociabiles,
721 2776 902 2869 prudentia
925 2786 959 2847 et
979 2778 1113 2848 iustitia
1164 2777 1258 2846 lllrhil

140 2890 191 2951 est
218 2883 308 2949 enim
338 2904 454 2950 earum
482 2904 613 2970 rerum,
660 2903 749 2970 quae
779 2883 989 2973 populorum
1022 2880 1257 2973 regnatoribus

140 2984 295 3077 agendae
322 2994 414 3071 sunt,
450 2984 532 3073 quin
553 2982 607 3051 his
628 2982 758 3051 duabus
781 2985 953 3054 montibus
972 2985 1138 3077 indigcat3
1173 2983 1258 3051 nihil

138 3110 299 3178 nsquam,
332 3087 427 3177 qnod
450 3086 547 3154 laudi
569 3108 703 3157 esseae
726 3085 844 3157 deoori
862 3089 1002 3182 regibus
1022 3089 1146 3181 possit,
1169 3087 1258 3178 -quin

138 3192 259 3262 iisdem
281 3193 456 3262 virtutibus
477 3189 798 3282 comprehendatur.

32 3481 34 3485 y
241 3394 424 3493 Ordiamur
448 3422 469 3467 a
489 3397 685 3489 prudentia,
718 3418 807 3486 qnae
826 3397 991 3490 dignitate
1009 3397 1148 3488 quidem
1169 3396 1259 3469 infe-

138 3498 209 3567 rior
229 3499 368 3586 institia‚
401 3501 460 3570 sed
483 3502 678 3570 necessitate
699 3522 795 3590 par,
817 3501 935 3570 ordine
957 3502 1057 3571 etiam
1082 3500 1179 3592 prior
1198 3510 1257 3569 est.

100 3606 103 3611 ’
138 3601 254 3673 Habet
270 3614 382 3674 autem
393 3604 574 3696 prudentia
588 3626 726 3694 quoque
744 3626 818 3672 suas
828 3614 964 3696 partes,
993 3628 1095 3682 unam
1109 3605 1180 3672 late
1190 3627 1258 3696 pa·

138 3714 283 3793 tentem,
314 3721 436 3800 paratu
458 3707 650 3794 dillicilem,
683 3708 822 3799 cognitu
841 3709 1016 3790 subtilem3
1045 3708 1193 3777 alteram
1204 3709 1257 3777 in-

75 3858 77 3862 v
138 3811 293 3881 tricatam
309 3813 345 3880 in
362 3811 566 3896 iudicando,
592 3813 767 3881 molestam
784 3812 887 3896 curis,
913 3813 1096 3904 ancipitem
1117 3810 1255 3902 peric'm

137 3912 197 3982 lis:
236 3916 466 4006 cognitionem
493 3936 631 4001 rerum,
671 3937 754 4003 ques
782 3916 974 4008 principem
1003 3917 1089 3995 ¹scire
1109 3923 1255 4007 oportet,

136 4016 239 4104 dico,
265 4027 300 4086 et
313 4019 530 4113 sagacitatem
545 4019 580 4087 in
593 4018 773 4110 eligendo,
798 4019 894 4108 qnod
910 4019 993 4088 utile
1008 4018 1058 4086 sit.
1110 4022 1165 4089 Ac
1183 4017 1255 4109 pri-

39 4213 42 4217 *
138 4143 233 4189 mum
255 4124 401 4216 principi
422 4122 547 4217 gentis,
568 4123 633 4192 cui
657 4124 849 4213 praefectus
867 4133 937 4213 est,
968 4127 1023 4190 res
1040 4122 1254 4214 gestamin-

139 4225 271 4311 stituta‚
300 4248 429 4314 mores,
459 4226 647 4320 ingenium3
671 4226 903 4320 regionisque,
933 4248 1037 4315 qnam
1057 4226 1093 4293 in
1118 4225 1254 4294 sna-di·

136 4329 231 4398 tione
256 4338 366 4418 tenet,
407 4331 506 4421 situs,
546 4331 673 4422 cultus,
708 4339 892 4426 proventus
917 4330 1151 4423 cognoscendi
1171 4337 1254 4400 snut

208 4587 219 4635 l
