2826 4904
178 310 243 377 158
411 309 469 370 DE
496 308 653 371 ELLIPl
686 309 745 370 ΕΤ
773 307 1054 372 PLEONASMO

179 482 304 569 omitti,
331 474 420 552 hanc
437 482 649 552 omissionem
665 505 789 552 moneo
810 505 852 552 ex
870 482 932 550 illo
944 502 1071 574 genere
1083 503 1170 568 esse,
1195 482 1299 573 quod

179 610 281 679 supra
301 587 343 655 ab
366 586 477 677 ellipsi
493 588 703 672 seclusimus,
729 587 843 677 quiae
862 585 1065 678 praegressis
1080 586 1137 653 vel
1146 608 1309 677 sequeu-

115 702 269 774 ll2tibus
296 692 407 764 verbis
433 689 546 763 τοῦτο
568 690 774 782 intelligitur.
852 688 923 758 Sed
947 687 1149 758 contradicit
1168 688 1204 759 in
1225 689 1306 759 hae

84 808 89 815 ’
178 799 328 877 formula
351 795 448 885 nobis
471 792 693 878 Schaeserus,
732 817 802 861 non
827 792 935 884 magis
964 793 1002 860 in
1024 791 1164 862 Graecis
1183 794 1298 863 verbis

180 907 234 983 ἑνὶ
256 897 347 995 λόγῳ
355 954 369 989 ,
395 918 497 987 quam
510 896 544 962 in
559 897 767 967 Gennanicis
782 897 846 965 mit
862 897 974 965 ciuem
996 894 1133 983 Worte,
1160 897 1301 990 ellipsin

175 1033 252 1081 ,esse
274 1000 487 1081 contendens.
548 999 652 1085 Quod
680 1022 749 1088 quo
778 1007 978 1092 argumento
1002 998 1123 1067 dixerit
1148 1001 1200 1069 vir
1227 1001 1295 1069 do-

182 1111 359 1191 ctissimus,
386 1102 544 1192 equidem
565 1126 633 1171 non
654 1124 821 1193 assequor.
871 1103 1037 1170 Nimirum
1056 1102 1152 1170 nulla
1172 1112 1223 1172 ost
1243 1105 1295 1172 el-

181 1216 292 1308 lipsis,
334 1230 438 1298 quum
468 1206 602 1276 Graece
628 1207 788 1291 dicimus,
825 1199 934 1278 τοῦτ
971 1204 1070 1279 ἐστὶν
1108 1205 1161 1278 ἑνὶ
1199 1201 1296 1301 λόγῳ

184 1319 424 1412 αμαρτανιιν,
450 1309 546 1399 quod
564 1308 682 1377 iisdem
700 1310 810 1379 verbis
823 1307 985 1376 Germani
1000 1307 1134 1395 dicunt,
1160 1309 1223 1378 sed
1237 1309 1300 1400 qui

184 1422 284 1504 dicit,
308 1416 376 1484 sive
401 1413 537 1482 Graeco
559 1421 687 1498 utatur,
712 1414 781 1482 sive
804 1411 1008 1480 Germanico
1028 1432 1201 1498 sermone,
1228 1409 1295 1486 od-

183 1551 247 1604 τος
270 1517 322 1594 ἑνὶ
345 1510 484 1610 λόγῳ
461 1541 687 1612 αμαρτανει,
716 1517 745 1585 is
770 1515 797 1581 si
817 1515 921 1605 plene
940 1514 1036 1603 loqui
1061 1515 1301 1583 existimandus

184 1635 287 1712 osset,
312 1622 468 1712 profecto
487 1640 556 1685 non
578 1618 724 1706 diceret,
750 1618 809 1686 ln'c
824 1617 913 1686 nihil
938 1617 1041 1686 aliud
1062 1640 1173 1710 quom
1187 1626 1300 1702 οιναι,

184 1728 265 1813 sed,
300 1725 359 1792 hic
382 1745 451 1791 ooo
475 1722 511 1791 ιιι
534 1721 630 1790 dicto
651 1722 709 1789 vel
730 1720 838 1790 verbo
861 1729 969 1790 errat
1021 1721 1131 1790 Huius
1166 1721 1298 1815 generis

185 1834 271 1901 aliae
292 1827 418 1896 multae
445 1833 520 1894 sunt
549 1825 702 1951 ellipses,
742 1834 778 1892 ut
807 1834 994 1914 quaesunt
1027 1825 1062 1892 in
1096 1825 1297 1895 exsecratio-

184 1937 300 2017 nibus,
341 1930 374 2009 ἐι
402 1920 576 2046 adpotus,
610 1932 644 2008 ἐς
684 1922 851 2050 φθόρον,
892 1929 940 2008 εἰς
974 1925 1153 2051 ὄλεθρον,
1193 1930 1296 1998 verbo

186 2036 326 2114 omiss03
352 2030 462 2099 autin
485 2023 860 2126 ριοοὶιιιιο,μηπρός
900 2056 940 2102 σε
979 2025 1165 2124 γονοίτων,
1203 2030 1297 2121 quod

184 2142 220 2209 in
250 2136 367 2229 primis
404 2134 625 2224 perspicuum
663 2141 713 2200 est
756 2134 967 2222 exemplum:
1015 2155 1094 2202 nam
1132 2133 1207 2223 quis
1248 2135 1297 2203 in-

184 2243 379 2312 tellecturus
416 2248 520 2321 esset,
566 2235 593 2303 si
624 2237 698 2325 quis
736 2235 771 2302 in
803 2236 960 2304 eamdem
1005 2236 1203 2306 sententiam
1248 2237 1298 2304 di·

186 2354 298 2431 ceret,
323 2335 376 2437 μή
398 2367 437 2413 σε
457 2362 526 2407 non
549 2338 671 2407 additis
693 2330 982 2434 onocrotalum,
1013 2339 1050 2407 id
1072 2348 1123 2408 cst
1144 2363 1186 2409 ea
1204 2349 1299 2433 parto

184 2444 394 2542 praedicati,
419 2466 461 2512 ex
475 2467 544 2533 qua
556 2442 660 2510 altera
671 2464 767 2533 pars,
794 2437 973 2533 ἱκετεύων,
999 2466 1067 2512 una
1086 2467 1165 2514 cum
1177 2446 1301 2537 copula

188 2551 263 2645 εἰμὶ
292 2557 413 2640 sponte
434 2544 703 2636 intelligeretur?
748 2544 861 2612 Vnum
890 2545 1026 2614 addam.
1085 2547 1167 2618 Hoc
1195 2570 1301 2640 genus

187 2656 347 2745 ellipseos
370 2650 444 2741 qui,
470 2659 508 2717 ut
528 2650 634 2739 vulgo
647 2647 792 2714 solitum
818 2658 882 2733 est,
912 2650 953 2716 iis
965 2650 1075 2718 verbis
1095 2652 1304 2742 explendum

188 2765 341 2839 cernent,
367 2775 456 2843 quae
470 2753 504 2819 in
517 2750 719 2841 quibusdam
734 2751 818 2819 locis
832 2751 948 2819 addita
963 2754 1186 2843 reperiuntur,
1211 2754 1302 2824 mul-

188 2869 263 2927 tum
275 2858 432 2926 videntur
446 2856 489 2921 ab
508 2862 601 2923 recta
617 2853 746 2923 ratione
761 2854 926 2923 aberrare
977 2856 1025 2925 Vt
1038 2857 1096 2946 qni
1107 2867 1305 2949 propterea,

190 2962 286 3053 quod
313 2958 407 3085 apud
435 2958 627 3026 Homerum
650 2967 716 3047 est,
755 2983 867 3080 χρειω
899 2982 969 3053 γαρ
994 2954 1158 3033 ἱκάνεται
1183 2957 1304 3036 οὐκέτ

191 3058 361 3151 dorcade,
386 3061 422 3128 in
440 3058 562 3128 his*
518 3087 600 3133 ουτο
621 3086 669 3154 με
693 3053 825 3157 ταύτης
848 3055 940 3157 χρεώ
954 3061 1081 3158 τιμῆς,
1107 3063 1305 3156 intelligen-

123 3169 275 3237 118dum
294 3168 443 3288 putant‘
429 3189 602 3237 ινανεται.
655 3164 743 3231 Nam
764 3164 848 3232 sicut
864 3164 1007 3283 ubique,
1031 3166 1078 3233 ita
1094 3164 1154 3237 hic
1167 3189 1307 3257 qnoque

189 3297 230 3343 ea
249 3273 361 3340 verior
381 3276 431 3336 est
460 3267 565 3351 ratio,
606 3290 694 3356 qnae
722 3267 873 3336 omnium
896 3268 1040 3336 maxime
1071 3270 1304 3362 simplexest.

189 3376 304 3461 Quare
322 3371 488 3441 rectius*
467 3396 541 3462 εχιτ
561 3370 738 3462 intelliges.

290 3475 401 3544 Venio
425 3473 470 3541 ad
491 3497 532 3541 ea
552 3476 728 3565 exempla,
759 3472 795 3538 in
818 3472 938 3560 quibus
953 3476 1069 3542 omnes
1082 3473 1183 3543 simul
1197 3497 1305 3544 ennu-

189 3579 340 3652 ciationis
359 3586 492 3670 partes,
516 3577 555 3644 id
578 3587 628 3646 est
647 3579 780 3667 integra
794 3577 973 3660 sententia,
999 3578 1206 3652 omittuntur.
1239 3581 1305 3648 nt-

189 3705 325 3774 queen
353 3680 437 3765 illis,
480 3702 568 3770 quae
594 3702 696 3771 supra
713 3677 865 3747 universe
891 3678 936 3746 de
957 3679 1068 3772 ellipsi
1101 3680 1193 3750 dicta
1220 3690 1306 3766 sunt,

189 3796 310 3879 sponte
329 3784 549 3876 intelligitur,
581 3805 650 3851 non
667 3805 768 3874 posse
779 3780 834 3848 de
861 3781 1028 3872 eiusmodi
1046 3785 1209 3853 sententia
1233 3807 1307 3853 ser·

188 3912 326 3961 monem
340 3911 432 3971 esse,
457 3909 545 3977 quae
559 3887 632 3954 sola
644 3911 709 3979 per
723 3909 758 3954 se
771 3893 916 3969 constet,
942 3886 1037 3975 quod
1052 3886 1153 3956 huius
1171 3888 1308 3975 omissio

190 3994 236 4063 ad
259 3992 457 4061 brevitatem
479 3992 514 4058 in
542 3990 688 4060 dicendo
716 3988 878 4081 pertinet,
911 3988 973 4056 sed
990 3991 1179 4060 necessario
1200 3991 1309 4061 talem

189 4095 337 4188 intelligi
356 4117 445 4185 quae
469 4100 548 4163 cum
563 4095 707 4162 aliorum
724 4092 969 4163 constructione
977 4095 1160 4165 verborum
1176 4094 1310 4166 cohae-

191 4208 271 4269 reat.
323 4197 386 4266 Est
400 4196 488 4266 enim
501 4196 627 4289 ellipsis
643 4196 749 4265 oratio
772 4215 840 4262 non
858 4193 1007 4290 integra,
1032 4221 1122 4288 quae
1139 4222 1204 4268 usu
1219 4199 1310 4268 inte-

193 4325 258 4395 gra
275 4299 430 4371 habetur.
481 4301 542 4372 sio
564 4301 668 4393 plena
692 4297 841 4372 emtione
860 4299 1003 4386 dicitnr,
1034 4295 1089 4399 μή
1109 4301 1183 4401 δροῑ
1202 4296 1309 4382 coldo,
