2826 4904
509 310 875 416 arr1o1srrnvn.
1184 356 1248 422 aar

135 544 282 613 quornm
294 543 414 592 vereor
427 544 470 591 ne
487 523 591 617 longe
613 525 722 592 maior
739 526 781 593 sit
802 523 1005 610 multitudo,
1031 524 1250 618 corrigendos

136 636 290 706 censent;
322 636 397 715 aut,
423 627 518 716 quod
539 626 715 715 equidem,
753 651 790 696 re
815 627 965 696 nondum
988 628 1180 719 explorata,
1212 639 1251 700 ut

135 729 374 801 consideratius
389 730 626 820 praetulerim,
652 731 700 797 ita
725 731 788 798 erit
801 729 1028 815 statuendum,
1055 731 1149 821 apud
1163 733 1251 801 Atti-

135 855 193 902 cos
215 854 370 922 qnoque,
396 833 455 900 ubi
475 832 611 902 codices
634 834 858 918 consentiant,
889 856 953 903 nec
984 856 1095 901 sensus
1128 833 1250 925 prohi-

133 938 233 1019 beat,
260 937 295 1007 εἰ
316 958 394 1005 cum
415 957 705 1025 quorumcumque
727 937 908 1008 verborum
924 937 1139 1008 coniunctivis
1162 938 1250 1008 tole-

134 1037 279 1107 randum
298 1061 377 1108 esse.

661 1277 721 1352 111.

238 1449 392 1518 Tertium
413 1470 522 1542 genus
544 1448 621 1518 illas
642 1447 878 1541 complectitur
895 1449 1047 1542 regulas,
1078 1450 1254 1540 inquibus

138 1561 172 1622 et
189 1555 262 1621 veri
275 1551 403 1642 aliquid
425 1564 458 1621 et
478 1552 554 1622 falsi
574 1553 667 1622 inest.
717 1555 772 1621 lta
794 1553 889 1642 quod
910 1553 1002 1620 idem
1021 1553 1080 1619 ille
1099 1553 1254 1622 Thomas

136 1655 188 1723 Μ.
206 1679 242 1747 p.
262 1654 348 1723 161.
375 1658 558 1747 praecipit,
583 1658 726 1725 verbum
747 1649 905 1746 δύναμαι
929 1676 996 1722 non
1017 1677 1087 1722 esse
1103 1675 1181 1722 cum
1195 1656 1253 1726 fu-

136 1759 202 1826 turi
227 1759 390 1827 infinitivo
418 1759 644 1850 iungendum,
674 1757 780 1826 habet
801 1780 879 1825 sane
901 1756 1058 1825 idoneam
1078 1759 1253 1845 rationem,
1381 1758 1383 1762 ’

136 1885 240 1952 quum
254 1862 348 1951 qnod
368 1863 441 1951 quis
457 1883 556 1952 posse
576 1862 690 1929 facere
712 1859 855 1945 dieitur,
878 1858 971 1927 idem
992 1860 1032 1927 sit
1055 1883 1097 1930 ac
1113 1861 1140 1929 si
1157 1862 1253 1930 dica·

135 1975 189 2033 tur
205 1965 349 2056 cogitari
367 1963 404 2031 id
424 1965 557 2048 facere,
582 1963 678 2053 quod
702 1985 791 2032 nunc
807 1985 876 2031 non
896 1963 987 2032 facit.
1038 1963 1127 2034 Nam
1152 1965 1253 2034 etiarn

136 2067 288 2153 ridicas,
308 2089 455 2160 possum
465 2065 638 2162 facturam
660 2089 736 2136 eoae
757 2065 794 2134 id
814 2067 996 2158 praesentis
1016 2069 1179 2158 temporis
1205 2069 1252 2136 si-

135 2171 388 2263 gnificationem
415 2172 580 2255 continet,
617 2193 727 2259 neque
748 2168 841 2236 aliud
868 2179 934 2253 est,
968 2190 1070 2257 quam
1096 2170 1123 2237 si
1149 2169 1252 2255 dicas,

130 2293 280 2366 possum
296 2274 331 2339 in
344 2294 385 2341 eo
398 2280 496 2341 stato
511 2295 602 2355 ease,
629 2281 668 2340 ot
681 2270 787 2340 velim
799 2268 942 2362 facere.
995 2269 1109 2354 Quare
1128 2272 1253 2342 Graeci

136 2400 180 2444 ne
204 2373 275 2443 hoc
296 2374 436 2464 quidem
463 2398 529 2466 per¹
545 2373 650 2443 futuri
675 2373 889 2458 infinitivum,
923 2371 999 2462 qni,
1025 2384 1063 2442 ut
1082 2375 1150 2443 alio
1172 2374 1253 2444 loco

136 2478 288 2562 ostendi,
315 2486 432 2546 natura
453 2501 512 2546 sna
534 2478 673 2545 aoristus
690 2485 755 2562 est,
780 2474 841 2544 sed
863 2498 928 2566 per
947 2479 1128 2566 praesentis
1143 2477 1253 2545 infini-

136 2585 244 2649 tivum
262 2582 357 2649 verbi
375 2583 519 2675 μέλλειν
545 2580 702 2648 indicant.
754 2578 872 2648 Nihilo
897 2578 1005 2648 minus
1025 2577 1253 2683 rectedirisse

136 2683 351 2776 Sophoclem
371 2692 456 2776 puto
479 2687 515 2754 in
538 2684 686 2753 Philoct.
710 2679 821 2750 1393.

238 2837 277 2910 τί
297 2835 379 2935 δῆτ’
393 2836 439 2911 ἂν
453 2836 556 2935 ἡμεῖς
572 2838 730 2936 δρῷμεν,
757 2836 849 2910 εἷσέ
867 2831 904 2930 γ’
926 2840 965 2910 ἐν
979 2829 1100 2931 λόγοις
1258 2844 1316 2908 14·

240 2939 378 3016 πείσειν
397 2936 655 3041 δννηαόμεαθα
676 2940 787 3039 μηδὲν
812 2935 862 3014 ὧν
877 2940 964 3034 λέγω
974 2966 989 3032 ,·

137 3092 212 3162 Neo
235 3074 383 3162 debebat
403 3092 609 3163 Schaeferus
633 3097 668 3162 in
690 3092 810 3162 Melet.
839 3092 911 3161 crit.
936 3114 972 3182 p.
994 3089 1054 3159 99.
1094 3090 1254 3161 Thomae

135 3205 322 3287 praecepto
344 3199 488 3281 moveri,
521 3207 560 3265 nt
585 3196 630 3264 de
653 3196 888 3264 emendatione
914 3193 1089 3284 cogitaret
1141 3194 1253 3263 Vsita-

134 3308 243 3365 tatum
275 3308 337 3376 est
352 3299 441 3366 enirn
473 3297 630 3382 Graecis,
662 3297 724 3364 nbi
745 3298 779 3364 in
807 3282 988 3386 principali
1019 3295 1124 3363 verbo
1150 3295 1254 3365 futuri

136 3402 337 3492 significatio
362 3402 462 3487 inest,
496 3401 597 3469 etiam
619 3398 816 3468 infinitivum
846 3397 951 3466 futuri
979 3398 1183 3489 adiungere,
1216 3410 1255 3469 ut

135 3527 242 3593 quum
265 3506 415 3598 ,μέλλειν
443 3497 609 3598 ποιήσειν
633 3504 757 3571 dicunt.
808 3500 981 3570 Credibile
1006 3494 1071 3587 est,
1104 3501 1163 3571 hic
1183 3503 1254 3572 illio

134 3607 335 3690 lectionem,
370 3629 458 3697 quae
480 3607 707 3676 Atticistarum
730 3606 922 3696 praeceptis
950 3615 1175 3696 repugnaret,
1210 3605 1253 3673 ab

135 3710 373 3780 recentioribus
395 3711 621 3801 grammaticis
644 3702 825 3778 librariisve
840 3714 1002 3776 mutatam
1024 3731 1103 3776 esse.
1153 3708 1205 3775 lta
1219 3708 1254 3775 in

136 3813 322 3904 Sophoclis
344 3812 434 3885 Oed.
455 3815 497 3881 R.
517 3813 603 3881 272.
629 3812 804 3904 vulgatam
819 3810 1001 3880 lectionem
1016 3815 1253 3907 φθερεῖσθαι,

136 3940 225 4006 qnae
258 3917 427 3986 verissima
462 3923 526 4003 est,
567 3919 602 3983 in
632 3938 700 3984 uno
728 3917 1002 4006 Augustanornm
1029 3914 1187 3983 codicum
1219 3914 1254 3980 in

140 4019 332 4116 φθαρῆναι
349 4028 513 4088 mutatam
524 4019 672 4111 repperi,
688 4018 819 4087 adiecto
834 4018 977 4102 scholio,
991 4015 1154 4100 Triclinii,
1175 4016 1253 4107 opi-

136 4144 218 4203 nor,
245 4123 340 4211 quod
362 4121 421 4190 etsi
443 4122 511 4190 iam
528 4122 730 4190 Erfurdtius-
739 4121 1007 4189 adnotationibus
1026 4119 1091 4187 suis
1108 4119 1255 4205 inseruit,
1343 4138 1344 4142 ’

137 4235 268 4311 tamen,
294 4226 455 4316 qnoniam
470 4225 553 4292 levis
577 4225 692 4296 adhuc
714 4223 839 4293 menda
853 4223 1022 4308 inhaeret,
1047 4222 1106 4291 hic
1127 4221 1255 4292 adscri-

138 4328 291 4400 bendnm
313 4330 445 4422 putavi:
472 4327 664 4430 φθαρῆναι
687 4330 743 4429 δεῖ
760 4320 914 4428 γράφειν
919 4382 933 4418 ,
961 4323 1005 4400 οὐ
1021 4319 1253 4426 propalatae.
