2826 4904
529 302 891 368 suurcrsuuuvu.
1202 296 1269 373 no

154 473 317 543 Eiusdem
339 476 473 566 generis
497 476 579 545 talia
597 485 690 564 sunt,
715 443 753 548 ut
774 477 845 550 hoc
860 477 1043 571 Sophoclis
1062 479 1097 547 iu
1117 477 1265 554 Philon

155 575 243 648 849.
268 575 349 650 ἀλλ’
371 576 393 650 ὅ
412 606 452 650 τι
474 574 600 651 δύναιο
624 574 823 672 μοίιαστον,
855 576 953 656 κεῖνό
971 610 1038 677 μοι
1054 582 1143 662 νῦν,
1167 588 1264 655 reiro

153 677 437 776 λάθρα--ἑξιθοῧ,
471 679 549 755 ὅτι
569 677 729 780 nauigare:
766 708 875 778 qoam
894 685 958 755 tibi
976 685 1136 755 videatis
1156 706 1265 777 posse
1358 719 1362 724 ·

152 784 365 876 longissime.

253 885 325 954 Sed
345 885 484 955 deducit
505 911 566 956 nos
586 887 675 958 haec
696 889 876 981 disputatio
901 889 947 957 ud
969 890 1070 958 aliam
1093 889 1263 979 quaestio-

151 1012 241 1058 nem.
293 991 472 1058 Sumamus
493 994 601 1077 enirn,
628 995 756 1064 uicum
778 993 989 1062 coniunctivo
1011 993 1079 1061 sire
1099 1013 1262 1082 quorum·

152 1115 298 1181 cumque
320 1095 519 1180 verborum,
560 1097 629 1163 sive
653 1118 770 1164 eorum
796 1105 946 1180 tantum,
977 1098 1065 1185 quac
1088 1089 1260 1168 αὐθοπό-

150 1222 268 1267 ταιιτα
295 1205 473 1283 vocantur,
505 1208 598 1268 recte
619 1200 772 1267 construi.
829 1199 992 1267 Vtrumne
1022 1199 1057 1265 iu
1083 1195 1151 1266 hac
1176 1219 1261 1266 con-

149 1298 330 1368 structione
345 1302 380 1371 εἰ
389 1323 454 1391 pro
468 1299 529 1396 ἦν,
556 1326 599 1369 an
617 1302 862 1373 coniunctivum
877 1325 942 1394 pro
959 1301 1074 1370 futuro
1087 1299 1144 1369 vel
1160 1309 1260 1391 opta-

147 1400 218 1468 tivo
234 1403 318 1492 poni
332 1403 550 1493 putabimus?
575 1405 723 1473 Multum
746 1406 835 1474 euim
856 1405 1012 1473 iuteresse
1029 1424 1071 1473 ex
1095 1403 1135 1472 iis
1155 1411 1260 1493 patet,

116 1522 119 1531 ’
148 1526 236 1592 quae
257 1505 363 1573 modo
385 1507 476 1575 dicta
492 1517 575 1575 sunt.
626 1510 784 1631 Igitur'
749 1537 779 1582 ιι
798 1502 904 1605 μάθῃ
919 1516 1072 1576 utrumne
1087 1507 1261 1632 significa·

147 1608 198 1675 bit
217 1608 329 1694 idem,
356 1610 493 1699 quod
470 1638 514 1706 ην
532 1610 659 1708 μα’θῃ,
685 1614 717 1682 si
738 1612 920 1695 didicerit,
946 1633 988 1676 an
1010 1608 1106 1699 quod
1128 1611 1163 1680 ai
1178 1635 1259 1701 μα-

147 1704 323 1805 θήσεται,
349 1735 380 1782 οι
373 1714 523 1799 discet,
550 1738 593 1781 an
611 1714 756 1803 denique
769 1712 864 1802 quod
880 1739 910 1784 ει
905 1705 1103 1805 μοίθοι,Ι
1085 1732 1117 1778 οι
1109 1710 1258 1794 discut,

120 1894 123 1899 Δ
145 1813 177 1880 si
197 1813 359 1882 disceret.
411 1817 492 1885 Hoc
511 1825 719 1905 postremum
748 1817 889 1884 fortasse
912 1814 1050 1906 placeat
1068 1794 1259 1884 recordanti

145 1915 406 1987 Homericorum
422 1941 577 1987 versuum
588 1918 685 1987 Iliad.
702 1947 739 2014 φ.
757 1916 844 1987 462.

244 2050 463 2149 Εννοσιγαι
461 2110 476 2145 ,
503 2053 567 2129 οὐκ
585 2053 630 2129 ἄν
646 2083 694 2150 με
708 2081 898 2152 σαοφρονα
909 2048 1099 2153 μυθήσαιο
1146 2118 1152 2123 .
1256 2051 1300 2116 12

247 2157 419 2250 ἔμμεναι,
447 2185 479 2230 ιι
473 2153 544 2254 δή
561 2157 660 2252 σοίγε
677 2155 862 2255 donatist
840 2184 943 2230 ενιιια
961 2152 1171 2251 πτολεμίζω

141 2310 190 2378 Αι
203 2330 272 2376 ιιοιι
286 2308 420 2379 videtur
432 2310 577 2379 dubitari
590 2333 703 2402 posse,
729 2309 810 2399 quin
822 2308 882 2376 hic
899 2309 1014 2377 altera
1018 2309 1132 2394 lectio,
1157 2335 1254 2380 nro-

141 2416 284 2503 λεμίξω,
310 2413 536 2502 praeferenda
549 2416 607 2500 sit,
632 2413 670 2481 id
685 2423 723 2484 ut
736 2413 777 2481 sit
790 2413 958 2498 turturum,
983 2435 1052 2480 nou
1066 2410 1252 2482 coniuncti·

142 2538 212 2582 vus.
263 2517 353 2583 Nam
368 2526 403 2584 et
413 2540 550 2608 prorsus
566 2515 695 2587 'eodem
710 2516 816 2599 modo
832 2516 980 2605 loquitur
992 2515 1090 2584 iliad.
1106 2544 1141 2593 α.,
1164 2511 1250 2582 299.

242 2666 268 2765 ἦ
281 2663 351 2767 γάρ
372 2698 433 2744 νιν
447 2665 616 2752 decidere
636 2670 696 2745 ναὶ
717 2664 907 2752 οὐιιδανδς
920 2662 1123 2767 καλεοίμην,

246 2776 281 2846 εἰ
296 2769 341 2871 dn*
356 2774 414 2848 σοὶ
432 2775 505 2849 noir
524 2777 630 2872 ἔργον
647 2773 861 2869 ὑπείξομαι,
888 2771 973 2847 ὅττι
985 2799 1045 2846 νιν
1063 2775 1174 2870 εἴπῃς,

141 2935 175 2994 et
192 2927 289 3012 alibi,
321 2929 382 2996 ubi
403 2931 438 3001 ιί
457 2928 669 3001 οοιιίιιιιαιίιο
690 2930 817 3022 iungit,
848 2950 918 2997 non
938 2927 1165 2998 coniunctivae
1185 2946 1252 3018 pro

140 3031 313 3174 optativo,
338 3031 452 3099 sed
418 3059 449 3104 ιι
474 3056 540 3124 pro
556 3033 600 3130 ἢν
625 3041 692 3119 est,
721 3044 759 3101 ut
775 3032 834 3103 od
862 3060 890 3106 ι.
908 3031 995 3105 221

244 3181 327 3258 εἶδ’
343 3181 392 3258 αὖ
410 3213 466 3267 τις
481 3186 603 3310 ῥαίῃσι
621 3188 752 3261 θεων
734 3186 786 3259 evi
805 3189 926 3258 οἴνοπι
942 3182 1085 3278 πόντῳ,
1247 3264 1249 3268 ,

239 3281 481 3384 ‘ciricum'
464 3316 502 3361 εν
521 3282 756 3374 στήθεσσιν
735 3314 824 3376 εχων
836 3286 1067 3360 ταλαπενθέα
1085 3273 1221 3376 θομᾶν.

138 3422 227 3492 Vide
251 3423 348 3490 Iliad.
370 3453 404 3496 α
432 3423 517 3493 349.
542 3453 569 3497 ι.
586 3421 671 3492 258.
695 3451 734 3517 μ.
752 3423 838 3491 223
857 3394 943 3488 239.
967 3448 1004 3515 φ.
1026 3415 1112 3487 5Ί8.
1136 3446 1169 3509 χ.
1186 3386 1247 3503 88
1333 3495 1340 3510 4,

139 3524 207 3595 0d.
224 3556 256 3624 η.
276 3511 362 3601 294.
379 3555 418 3619 μ.
410 3527 519 3597 3.48
571 3529 655 3596 Et
632 3551 679 3597 suc
693 3527 792 3596 etiam
806 3526 985 3608 Pindarus,
1012 3532 1046 3592 ct
1066 3522 1094 3589 si
1112 3522 1170 3613 qui
1189 3521 1248 3590 alii

138 3629 205 3701 hac
224 3633 468 3700 constructione
483 3641 627 3701 utuntur
660 3634 713 3701 Ac
729 3654 807 3698 sane
828 3632 876 3698 ita
891 3626 1121 3698 conveniebat.
1158 3625 1247 3692 Nam

135 3735 363 3806 coniunctivus
388 3745 487 3824 atque
513 3735 695 3835 optativus,
737 3734 899 3824 quamdiu
927 3730 1073 3823 genuina
1093 3728 1247 3797 Graecae

137 3839 295 3907 orationis
317 3840 401 3906 ratio
415 3839 543 3924 floruit,
569 3839 847 3930 significationes,
873 3836 993 3925 quibus
1015 3834 1100 3900 inter
1118 3855 1153 3899 se
1176 3832 1244 3899 dif-

136 3941 271 4026 ferunt,
297 3943 443 4034 integras
458 3952 702 4014 conservarunt.
754 3944 807 4010 Ac
826 3942 1014 4026 falleretur,
1039 3936 1146 4027 quiin
1161 3959 1243 4007 con·
1289 3959 1300 3980 ι

134 4046 368 4115 structioribus
409 4049 642 4136 particulae’
624 4039 709 4133 ια’ν,
754 4048 962 4134 aliarumque
993 4041 1242 4152 particularum,

135 4148 296 4237 quibus
271 4178 316 4223 αν
331 4149 512 4236 adhaeret,
538 4150 784 4220 coniunctivum
807 4151 876 4218 ab
867 4159 954 4218 usto
945 4145 1007 4229 ἄν,
1034 4168 1102 4214 ιιοιι
1121 4169 1142 4212 ιι
1161 4144 1243 4236 par'-
1301 4173 1303 4175 >

134 4253 296 4323 ticulis'
261 4280 292 4325 ιι
300 4307 314 4341 ,
341 4253 437 4339 ἔνιοι,
464 4251 527 4328 ὅτι
536 4308 550 4343 ,
581 4264 616 4323 et
631 4276 862 4344 quaecumque
877 4254 923 4331 ἄν
937 4252 1141 4336 adsciscunt,
1167 4251 1241 4344 regi
