2826 4904
207 326 271 390 lto
431 321 490 383 DE
515 318 783 382 ELLIPSI'ET
804 319 1087 382 Puuouuslto

205 498 247 564 ln
268 517 337 585 qno
366 495 446 565 loco
479 515 548 561 non
573 495 648 562 satis
672 496 782 585 perite
813 495 1001 565 Brunekius
1032 494 1120 586 λέγω
1146 493 1316 586 iutelligit

208 599 313 684 Quod
325 599 352 666 si
366 620 444 667 cum
462 598 667 683 Schaefero,
692 607 784 669 recte
796 598 934 688 quidem
957 594 1079 670 οἶκτον
1090 597 1316 686 praeferente,

140 711 287 795 qupost
312 695 449 796 πατρός
474 702 708 792 interpnngas,
745 709 783 768 ut
811 703 916 769 verba
934 693 1172 795 τριπόλιστον
1192 696 1315 774 οἶκτον

206 804 383 874 accusativi
397 804 540 873 absoluti
554 806 632 889 siut,
658 827 725 871 non
744 804 848 872 modo
870 805 1013 872 multum
1030 802 1076 869 de
1095 801 1234 892 poetica
1246 804 1313 869 vir-

204 917 275 975 tute
291 906 392 974 huius
405 907 473 977 loci
484 906 627 998 peribit,
654 908 714 976 sed
732 906 818 975 illud
842 908 942 975 etiam
961 906 1191 996 quaerendum
1212 906 1314 973 relin-

205 1001 344 1099 qdetur,
378 1010 462 1098 quid
491 1012 555 1078 sint
581 1012 758 1079 accusativi
787 1010 961 1095 absoluti„
1006 1009 1103 1092 Quae
1128 1009 1315 1099 appellatio

205 1134 324 1183 vereor
347 1136 390 1180 ne
418 1112 502 1180 nihil
525 1114 582 1199 sit,
617 1115 679 1181 nisi
706 1113 920 1205 perfugium,
958 1111 1053 1200 quod
1074 1121 1315 1197 consectentur,

204 1217 263 1307 qui
285 1216 461 1304 quomodo
484 1241 558 1284 rem
582 1218 760 1308 expediant
787 1239 855 1284 nou
877 1216 1054 1285 inveniunt.
1113 1215 1261 1285 Accedit
1280 1216 1314 1283 in

204 1317 387 1409 Sophoclis
408 1318 488 1388 loco
505 1319 663 1388 iactatum
678 1320 879 1389 aBmuckio
896 1319 1034 1388 schema
1047 1317 1314 1407 Colophonium,

203 1445 272 1490 non
287 1420 445 1489 dissimile
458 1424 628 1490 inventum
643 1432 679 1490 ut
693 1446 785 1494 casus
806 1424 858 1490 isti
872 1423 1034 1506 absoluti,
1059 1421 1155 1509 quod
1176 1420 1314 1490 schema

203 1522 262 1594 hic
273 1525 411 1614 quidem
423 1527 636 1616 perineptum
658 1537 714 1594 est.
765 1525 861 1594 Nihil
876 1527 909 1594 in
923 1536 995 1594 toto
1009 1525 1089 1592 loco
1104 1524 1313 1592 difficultatis

205 1637 276 1697 est·
310 1624 501 1721 Ἒψαυσας
522 1623 780 1719 ἀλγεινοτάτας
795 1629 876 1721 ἐμοὶ
900 1627 1077 1725 μερίμνας
1105 1635 1210 1717 poeta
1233 1627 1314 1697 dicit

202 1731 350 1824 genitivo
371 1751 468 1816 casu,
493 1731 528 1798 in
547 1741 659 1799 mente
679 1731 807 1799 habens
824 1734 958 1814 ἔλεξαςε
982 1729 1061 1798 inde
1083 1731 1193 1797 statim
1212 1753 1312 1801 accu-

137 1829 140 1833 ’
203 1834 363 1917 sativum,
389 1834 448 1922 qui
468 1836 513 1902 ab
537 1834 608 1904 hoc
629 1835 735 1903 verbo
755 1844 911 1927 regatur,
937 1834 1046 1902 infert.
1098 1834 1246 1922 Reliqua
1266 1834 1313 1901 sic

202 1936 374 2028 iungenda
392 1946 484 2004 sunt:
508 1931 646 2031 notorie
671 1937 740 2010 τοῦ
760 1965 802 2011 τε
825 1931 1032 2033 πρόπαντος
1053 1933 1237 2033 ἁμετέρου
1252 1937 1313 2030 ρέ-

203 2065 287 2121 νους
301 2034 443 2128 οἶκτον,
469 2033 705 2135 τριπόλιστον
727 2043 877 2120 κλεινοῖς
898 2036 1208 2132 Λαβδακίδαισινι
1241 2061 1313 2130 pa·

202 2142 318 2210 tricet
342 2142 497 2210 universi
516 2143 661 2234 generis
683 2144 793 2211 nostri
816 2142 1141 2234 complorationem,
1167 2142 1315 2217 muttum

201 2244 406 2314 iterandum
447 2245 556 2315 oloris
588 2243 819 2315 Labdacidis.
870 2246 944 2314 Nec
982 2245 1089 2336 magis
1128 2244 1314 2334 quidquam

203 2349 421 2439 supprimitur
458 2349 494 2417 in
538 2349 604 2416 illis
642 2350 825 2441 exemplis,
876 2370 964 2439 quae
1006 2371 1042 2439 p.
1086 2343 1174 2421 652.
1218 2350 1315 2416 allata

202 2461 294 2539 sunt,
327 2461 375 2537 ut,

302 2587 364 2662 uui
379 2596 415 2663 oi
430 2586 656 2678 ὑποσχέσθαι
672 2587 883 2663 δυοκαίδεκα
897 2588 986 2682 βοῦς
998 2587 1049 2662 ε’νλ
1061 2587 1148 2686 νηῷ,

304 2691 382 2787 ἤνις
387 2747 401 2780 ,
427 2689 575 2789 ἠκέστας
582 2745 595 2778 ,
623 2692 847 2785 ἱερευσέμεν,
875 2688 943 2763 αἴν’
960 2685 1083 2788 ἐλεήσῃ

305 2793 398 2867 ἄστυ
413 2820 455 2866 τε
474 2793 533 2865 καὶ
557 2786 689 2888 Τριόων
705 2787 856 2884 ἀλόχους
871 2793 930 2867 καλ
942 2789 1053 2891 νήπια
1069 2793 1187 2866 τέκνα.

199 2932 289 3001 Nam
311 2930 440 2999 sinihil
456 2929 614 2996 omissum
638 2939 704 3014 est,
730 2931 789 2998 ubi
812 2931 1014 3029 πειρᾶσθαι
1034 2931 1087 2999 isti
1114 2932 1216 3003 αἴκεν
1239 2931 1312 2997 iun-

200 3035 311 3126 gitur,
342 3034 400 3123 qui
413 3032 520 3123 magis
534 3032 660 3120 aliquid
675 3034 831 3101 omissum
847 3043 1031 3119 censeatur,
1055 3034 1115 3102 ubi
1129 3054 1195 3124 pro
1209 3034 1311 3100 verbo

199 3139 263 3206 isto
284 3136 486 3233 πειροῖσθαι
507 3135 545 3203 id
565 3137 674 3226 ipsum
697 3137 849 3228 ponitur,
881 3160 945 3228 per
966 3137 1061 3227 qnod
1089 3139 1164 3227 quis
1186 3133 1312 3224 aliquid

201 3241 339 3310 efficere
367 3238 560 3330 experitur?
610 3239 723 3308 Multo
746 3242 853 3310 minus
877 3242 1018 3333 probari
1036 3243 1161 3331 poterit
1181 3241 1312 3308 Brunc-

134 3344 294 3429 raudus,
319 3344 394 3434 qui,
421 3351 459 3413 ut
483 3365 519 3433 p.
544 3339 629 3410 645.
654 3346 866 3415 observatum
891 3353 958 3429 est,
992 3345 1025 3410 iu
1047 3343 1118 3415 hoc
1143 3341 1313 3433 Euripidis

201 3447 313 3533 dicto,

658 3544 708 3621 ‘cui
729 3546 767 3623 δ’
789 3543 1053 3644 ὑπερβάλλων

303 3649 433 3726 οὐδένα
452 3647 581 3749 καιρόν
604 3645 757 3726 δύναται
778 3659 939 3748 θνητοῖς,

197 3791 368 3887 παρέχειν
388 3788 655 3857 subaudiendum
675 3797 782 3879 putat
833 3789 943 3856 Immo
963 3781 1140 3875 δύναται,
1177 3793 1215 3852 ut
1237 3806 1308 3851 sae-

196 3895 355 3986 pissime,
381 3892 474 3960 idem
494 3892 679 3984 significat,
704 3891 798 3980 quod
822 3884 959 3963 δυνατοί
980 3895 1089 3964 ἐστιν.
1141 3891 1187 3958 Et
1203 3910 1310 3978 quon-

197 4000 266 4066 iam
289 4003 380 4065 recte
404 3996 526 4065 dicitur
545 3991 648 4069 οὐδέν
672 3989 852 4068 δύνασθαι
858 4050 872 4082 ,
899 4005 1003 4085 poeta
1018 4016 1083 4085 pro
1099 3989 1206 4065 οὐδέν
1230 3989 1310 4063 καέ-

167 4173 168 4176 ,
198 4128 280 4195 ριον
296 4093 449 4172 δύναται
464 4099 546 4165 dixit
563 4095 692 4171 οὐδένα
709 4089 837 4193 καιρόν
855 4091 1020 4175 δύναται.
1072 4096 1210 4164 Vellem
1224 4115 1311 4176 sane,

197 4201 399 4272 Schaeferus
433 4200 629 4270 huiusmodi
665 4200 910 4270 observationes
948 4202 1128 4269 doctorum
1163 4199 1311 4267 virorum

197 4328 265 4377 uon
278 4306 326 4376 sic
340 4304 446 4374 nudas
461 4305 639 4394 attulisset,
665 4328 734 4397 quo
755 4328 799 4373 ne
821 4305 943 4375 tirones
960 4316 995 4374 et
1022 4305 1228 4393 quicumque
1246 4322 1314 4370 non
