2826 4904
496 291 886 361 onunuruvs
1002 357 1008 377 ,
1211 300 1254 362 u

71 536 73 541 ,
137 487 214 536 seor
226 465 370 534 derivari
380 486 449 532 nou
460 465 576 556 possit,
594 474 707 535 tamen
717 490 762 535 ue
772 467 807 535 ‘m
817 467 952 536 illarum
962 466 1103 557 quidem
1113 490 1254 538 numero

136 569 297 662 ponenda
317 577 382 653 est,
408 590 491 656 quas
512 570 584 636 sola
603 571 806 662 experientia
825 571 1028 662 suppeditat.
1065 571 1153 640 Illae
1165 572 1253 641 enim

136 674 173 740 in
185 695 248 758 eo,
273 673 367 760 quod
379 681 530 738 naturam
541 676 684 762 poeseos
696 674 857 757 continet,
882 673 968 741 nihil
980 683 1125 760 mutant,
1150 685 1253 763 atquo

136 775 284 861 idcirco,
309 775 370 843 ubi
382 774 427 841 de
439 774 507 843 hac
519 776 592 842 sola
604 777 731 866 agitur,
750 777 858 844 omitti
869 776 1005 845 debent
1029 777 1136 861 Quod
1147 800 1252 866 quum

136 880 240 970 plane
262 877 464 947 contrarium
484 879 577 944 sitin
595 866 830 967 aequabilitate
847 878 923 964 illa,
937 888 1062 971 patet,
1089 903 1164 948 eam
1184 902 1253 948 non

135 982 284 1072 potuisse
311 980 496 1071 praeteriri.
547 982 667 1070 Neque
687 983 775 1049 euim
792 989 885 1050 recte
903 982 1065 1073 disputari
1084 981 1129 1050 de
1156 982 1254 1075 poesi

136 1095 267 1175 potest,
291 1084 368 1167 nisi,
398 1083 435 1148 id
454 1084 582 1172 ipsum,
615 1085 650 1152 iu
668 1107 738 1173 quo
761 1086 831 1152 eius
850 1095 967 1154 natura
985 1085 1144 1171 cernitur,
1170 1108 1254 1175 quas

137 1188 335 1255 mutationes
348 1185 518 1268 admittat,
545 1188 759 1278 explanatum
770 1187 881 1255 fuerit

240 1291 353 1377 Atque
366 1312 407 1357 ex
417 1289 476 1355 illa
487 1291 670 1377 aequabilis
680 1288 937 1379 etinaequabilis
942 1289 1174 1380 pulcritudinis
1182 1288 1253 1358 dif-

119 1392 279 1460 'l'erentia
297 1392 466 1482 quaedam
477 1414 619 1481 poeseos
638 1393 756 1461 divisio
768 1394 927 1477 nascitur,
949 1415 1036 1480 quae
1047 1393 1253 1484 propterin·

137 1519 223 1587 gens
241 1504 448 1563 momentum
467 1517 601 1585 semper
613 1496 851 1581 animadversa,
863 1504 1006 1595 propter
1017 1484 1253 1564 difficultatem

136 1621 218 1666 vero
231 1598 382 1665 nondum
393 1599 495 1687 plane
516 1600 683 1689 explicata
694 1600 767 1668 fuit
811 1601 900 1667 Nam
913 1621 1000 1686 quae
1012 1600 1159 1667 carmina
1171 1620 1254 1667 can-

136 1698 265 1769 tionum
276 1701 411 1768 uomiue
423 1701 652 1792 appellantur,
679 1726 721 1771 ea
731 1710 816 1788 sunt,
840 1702 875 1769 in
887 1702 1007 1790 quibus
1019 1701 1254 1789 aequabilitate

137 1804 208 1889 illa,
221 1826 322 1893 quam
335 1803 487 1889 diximuS,
511 1805 707 1894 pulcritudo
719 1807 856 1918 regitur.
893 1806 933 1872 In
944 1788 1013 1892 quo
1027 1826 1153 1895 genere
1164 1826 1253 1894 poe-

137 1929 211 1975 seos
220 1906 416 1975 illustrando
428 1908 486 1996 qui
496 1907 580 1975 illud
587 1908 886 1998 quadamlaetitiae
894 1917 928 1976 et
936 1906 1254 1998 hilaritatisexpres·

137 2010 245 2093 sione,
273 2033 408 2078 omnem
420 2010 655 2079 sublimitatem
667 2013 893 2105 emungentes,
918 2010 1080 2081 contineri
1098 2019 1253 2095 statuunt,

135 2114 239 2203 plane
250 2112 337 2180 nihil
349 2113 394 2181 ad
407 2115 477 2181 eius
489 2115 714 2204 coguitionem
726 2114 933 2183 erdstimandi
944 2122 1019 2180 suut
1026 2113 1251 2182 contribuisse.

135 2215 205 2282 Ista
221 2238 275 2280 res
295 2217 384 2280 euim
395 2225 433 2282 ut
454 2219 590 2283 omuino
603 2227 683 2306 apta
704 2217 874 2306 dignaque
893 2216 935 2281 sit
946 2214 992 2279 ad
1005 2215 1153 2303 aliquam
1164 2236 1253 2306 poe-

135 2338 213 2384 seos
240 2315 435 2382 divisionem
458 2316 664 2400 faciendam,
692 2326 784 2384 certe
801 2317 836 2381 in
854 2317 892 2382 iis
917 2316 1134 2402 carminibus,
1164 2320 1253 2405 quae

136 2418 288 2487 omnium
300 2439 396 2484 seusu
408 2418 576 2486 cautiones
587 2426 765 2508 putantur,
790 2441 899 2506 neque
916 2419 1253 2489 uniceuecuecessa-

136 2523 187 2589 rio
203 2519 378 2610 reperitur.
400 2589 401 2593 ,
416 2521 561 2610 Propius
572 2521 746 2588 veritatem
757 2520 808 2587 illi
819 2529 1036 2605 accesserunt,
1056 2521 1115 2609 qui
1126 2543 1254 2609 aequa-

137 2625 201 2692 bili
221 2623 333 2712 aliqua
349 2624 449 2690 animi
468 2622 648 2693 affectione
667 2623 886 2714 exprimenda
907 2624 1075 2692 cantiones
1087 2648 1107 2691 a
1120 2633 1253 2692 caetera

138 2727 322 2797 carminum
342 2726 551 2793 multitudine
576 2725 715 2794 differre
741 2726 950 2794 arbitrantur.
979 2746 981 2749 ·
1008 2725 1077 2812 Qui
1101 2728 1253 2815 quamvis

137 2841 253 2898 veram
272 2828 465 2910 disoriruinis
483 2840 632 2898 causam
657 2852 725 2898 nou
739 2830 937 2920 tetigerunt,
971 2829 1066 2920 (uam
1082 2851 1123 2898 ex
1135 2851 1252 2899 eorum

138 2933 298 3001 sententia
311 2932 418 2999 multa
429 2933 576 3003 carmina
588 2933 634 2999 ad
645 2931 715 3001 hoc
726 2955 832 3023 genus
842 2933 1061 3023 pertinerent,
1090 2954 1252 3022 quaene-

137 3058 195 3103 mo
216 3036 384 3105 cantiones
403 3043 472 3104 esse
489 3035 552 3103 sibi
568 3036 789 3126 persuaserit)
818 3057 886 3103 non
903 3044 1015 3104 tamen
1034 3035 1137 3126 plane
1157 3058 1251 3102 erra·

112 3154 115 3171 *
136 3148 231 3224 runt,
257 3139 337 3226 quia
353 3139 451 3205 istam
469 3137 655 3207 affectionis
675 3138 943 3228 aequabilitatem
962 3163 982 3207 e
998 3139 1099 3206 totius
1119 3138 1252 3206 formae

139 3251 218 3333 apta
234 3241 455 3332 proportione
474 3250 514 3317 ¹et
532 3242 783 3332 comparatione
805 3242 884 3308 oriri
902 3264 1036 3311 necesse
1054 3249 1114 3307 est
1171 3241 1250 3307 Hac

138 3354 252 3413 autem
279 3343 352 3411 sola
377 3343 566 3421 cantionum
589 3353 743 3412 naturam
767 3343 928 3413 contineri
951 3343 1176 3430 unusquisque
1193 3342 1251 3410 vel

139 3469 269 3515 escusu
283 3468 361 3531 suo,
387 3449 503 3515 velex
521 3470 656 3533 corum,
682 3448 741 3536 qui
760 3446 928 3516 cautiones
940 3446 1083 3531 faciunt,
1109 3447 1250 3515 consilio

139 3549 302 3640 colligere
321 3557 443 3640 potest.
483 3551 571 3619 Nam
588 3552 648 3618 illa
665 3549 802 3640 quidem
815 3550 972 3634 carmina,
984 3551 1019 3618 iu
1031 3550 1151 3638 quibus
1162 3572 1251 3638 poe·
1313 3613 1315 3618 .

137 3659 194 3720 tae
215 3651 351 3720 affectio
370 3654 523 3720 omnibus
542 3654 695 3746 legibus,
723 3654 785 3720 uisi
803 3676 885 3742 quas
903 3660 1137 3744 argumeutmu
1147 3673 1251 3740 praem

137 3753 269 3839 scribit,
288 3755 397 3823 soluta
410 3764 475 3841 est,
500 3780 601 3825 nemo
614 3757 659 3824 ad
672 3755 840 3825 cantiones
852 3756 1017 3838 retulerit,
1032 3753 1162 3843 quippe
1179 3751 1251 3819 fre·

137 3857 186 3925 nis
207 3857 408 3946 quibusdam
428 3858 583 3929 cohiberi
592 3860 627 3926 iu
638 3859 708 3928 hoc
727 3880 852 3951 genere
865 3859 934 3925 eius
945 3856 1120 3925 libidinem
1131 3862 1251 3943 postu-

136 3959 218 4028 lans.
260 3961 358 4045 Quae
370 3983 474 4049 quum
493 3962 681 4054 argumenti
691 3963 795 4045 ratio,
820 3955 914 4051 quod
925 3961 959 4026 in
971 3957 1176 4027 cantionibus
1190 3980 1251 4025 ae-

136 4086 204 4152 que
218 4064 354 4154 epicum
365 4087 407 4132 ac
417 4064 563 4154 lyricum
575 4089 648 4134 esse
658 4067 754 4150 solet,
777 4065 914 4133 iniicere
925 4070 1049 4153 poetae
1060 4059 1154 4151 nulla
1167 4083 1250 4151 pos·
1292 4126 1296 4145 ,

136 4167 196 4252 sit,
241 4190 285 4235 ua
303 4168 370 4236 alia
387 4190 442 4252 re,
462 4167 523 4233 uisi
534 4169 634 4258 ipsius
652 4169 784 4236 formae
800 4166 947 4256 quadam
966 4163 1135 4252 aequabili
1153 4187 1249 4233 com-

135 4273 313 4362 paratione
319 4269 542 4357 observanda,
556 4272 774 4344 coercebitun
792 4271 893 4342 Hauc
904 4276 1017 4338 autem
1024 4270 1251 4361 comparatio·
