2826 4904
184 343 275 408 282·
401 339 459 401 DE
485 336 777 403 PRAECEPTIS
806 334 1085 414 Qvtuvsoltt

113 543 118 560 ι
185 504 233 586 sd
253 535 322 607 γαρ
342 509 498 634 εὕχρμαι
519 507 601 585 circi
625 512 694 585 τοῦ
715 508 980 635 ὑπισχνοῦμαιη
984 511 1182 601 τιθέμενον
1202 510 1294 601 μέλ

186 618 292 688 λοννι
312 607 572 702 συντάσσεται,
606 611 652 735 οἷς
677 607 743 703 τό,
776 610 906 712 ηὔξατο
926 640 977 707 τῳ
964 608 1204 734 ”Ἀριιληπιρῖ
1223 640 1295 683 σα-

186 722 320 791 λαντον
342 715 493 805 δαίσειν,
528 741 629 813 παρα
620 710 840 811 Λιβανίρι,
872 714 932 788 ιιαὶ
952 740 1051 810 παρα
1074 719 1151 793 τοῖς
1175 713 1296 797 ἄλλοις

185 817 320 893 πᾶσιν·
364 816 447 891 αντι
478 818 516 892 δέ
545 819 614 892 τοῦ
642 814 750 949 ιμ’χην
785 818 845 890 ιιαὶ
883 820 1014 935 δέησιν
1034 816 1216 910 ποιοῦμαι
1248 821 1296 897 εἰς

184 921 364 996 ἐνεστῶτα
378 923 639 1050 παρῳχημένον
651 923 840 1017 ἐκφέρεται
846 975 861 1010 ,
887 918 932 1001 οἱς
946 913 1078 998 ιιαύιος
1092 916 1199 999 οὗτος
1220 916 1293 991 ἄνω

184 1017 331 1146 προέφη
341 1077 351 1110 ,
379 1029 548 1144 έναριιμαι
564 1052 624 1097 ιιαι
615 1023 774 1097 παθειν
789 1025 912 1144 λέγριν,
941 1023 988 1111 (v
1004 1020 1090 1089 248.
1113 1018 1199 1089 251.
1201 1023 1219 1112 )
1235 1050 1294 1092 ιιαι

185 1119 375 1199 Πλάτων’
356 1153 395 1200 εν
407 1114 581 1220 Αξιόχρι,
608 1120 796 1220 εὐξαμένοι
818 1118 864 1197 νδ
883 1150 1079 1220 κρατιστον
1094 1121 1219 1205 αὐτοῖς
1231 1151 1293 1216 γε·

50 1282 54 1292 .
183 1228 324 1300 νέσθαι.
375 1228 472 1295 Idem
489 1238 727 1320 praeceptum,
751 1228 846 1317 quod
861 1237 1011 1295 neutram
1031 1228 1066 1294 in
1081 1237 1216 1318 partem
1238 1249 1294 1294 ve-

182 1353 259 1398 rum
285 1353 355 1398 esse
376 1329 504 1418 aliquot
531 1332 718 1401 Atticorum
741 1331 809 1402 loci
838 1330 1033 1415 ostendunt,
1076 1330 1180 1398 etiam
1204 1328 1293 1421 apud

182 1430 358 1502 Thomam
385 1431 439 1505 M.
471 1454 505 1524 p.
534 1430 619 1501 loo.
652 1443 686 1504 et
710 1434 916 1528 Favorinpm
943 1434 978 1501 in
998 1456 1029 1502 v.
1055 1431 1213 1527 εὔχομαι
1243 1433 1292 1500 in-

182 1535 312 1604 venitur
336 1535 387 1626 *).

285 1647 545 1735 Nonnumquam
577 1647 747 1716 Atticistas
778 1645 902 1715 vitiosis
938 1645 1187 1737 exemplaribus
1220 1667 1292 1711 usos

183 1773 271 1832 esse,
295 1749 363 1816 iam
378 1771 480 1839 supra
495 1750 704 1835 dictum-est,
730 1760 765 1818 et
787 1759 988 1817 monuerunt
1009 1771 1112 1839 saepe
1133 1749 1179 1816 de
1200 1772 1242 1815 ea
1256 1771 1290 1815 re

182 1853 277 1921 docti
297 1851 460 1919 homines.
511 1853 647 1922 Accidit
667 1863 780 1921 autem
803 1851 874 1921 hoc
894 1876 962 1920 non
981 1854 1089 1919 solum
1108 1852 1144 1917 in
1166 1850 1220 1918 his
1243 1851 1291 1917 lo·
1326 1903 1328 1908 .

183 1956 249 2039 cis,
273 1953 365 2022 unde
380 1954 433 2022 isti
455 1955 591 2046 regulas
611 1979 688 2024 suas
707 1956 894 2047 petierunt,
920 1955 980 2024 sed
1006 1955 1176 2023 interdum
1194 1955 1291 2021 etiam

182 2061 219 2129 in
239 2057 309 2144 his,
343 2079 428 2147 quos
447 2067 485 2127 ut
505 2059 648 2151 regulae
672 2071 897 2150 repugnantes
926 2082 996 2126 nou
1026 2081 1097 2127 esse
1116 2056 1292 2134 imitandos

182 2161 317 2231 dicunt:
341 2171 380 2231 ut
398 2162 509 2229 inillis
529 2162 632 2245 locis,
657 2164 835 2252 exquibus
852 2161 1006 2230 Thomas
1019 2160 1072 2234 M.
1087 2185 1122 2253 p.
1139 2158 1226 2229 267.
1245 2183 1289 2248 sq.

181 2265 227 2361 ἤν
255 2287 333 2335 cum
363 2266 513 2356 optativo
545 2266 694 2334 iunctum
724 2265 843 2348 affert,
883 2289 986 2355 quam
1013 2265 1291 2335 constructionem

181 2367 404 2453 Schaeferus,
434 2369 486 2437 vir
508 2368 732 2455 ‹luctissimus,
765 2370 800 2437 in
819 2368 940 2436 Melet
960 2391 996 2459 p.
1018 2367 1079 2436 87.
1103 2391 1174 2435 uon
1196 2388 1291 2458 pror·
1350 2412 1354 2424 -

182 2494 236 2539 sus
248 2473 507 2564 improbandam
521 2473 655 2541 iudicat.
705 2473 746 2541 In
767 2494 835 2561 qua
847 2496 884 2542 re
900 2472 959 2540 ille
977 2495 1033 2540 me
1049 2473 1193 2560 quidem
1212 2492 1290 2540 con·

50 2653 52 2658 ,
181 2575 377 2644 sentientem
395 2574 518 2660 habet,
551 2597 756 2665 quamquam
779 2598 862 2664 quas
886 2577 1032 2644 rationes
1053 2598 1120 2666 pro
1134 2575 1200 2651 ‚illa
1220 2595 1290 2642 seu·

181 2679 285 2745 tentia
315 2677 431 2762 affert,
469 2701 589 2746 vereor
613 2702 656 2748 ue
683 2679 738 2765 id,
772 2679 867 2768 quod
895 2679 984 2765 vult,
1023 2701 1092 2747 uon
1135 2678 1288 2747 efficiant.

182 2779 267 2848 Sunt
281 2788 393 2846 autem
413 2780 495 2847 hae:
520 2805 604 2864 una,
629 2783 810 2850 multitudo
826 2783 1068 2874 exemplorum.
1121 2782 1168 2849 At
1187 2781 1291 2848 nemi-

180 2904 260 2950 uem
273 2881 380 2973 fugit,
405 2882 511 2949 multo
532 2884 695 2953 maiorem
722 2886 861 2953 illorum
881 2909 952 2954 esse
972 2888 1128 2955 locorum
1149 2884 1291 2975 copiam,

180 2985 353 3073 inquibus
374 2985 509 3054 codices
531 2987 708 3054 meliorem
732 2989 911 3056 lectionem
930 2988 1234 3080 suppeditaverint:
1257 2995 1292 3052 ut

182 3089 218 3156 in
230 3087 450 3179 Hippocratis
461 3089 559 3174 loco,
582 3090 642 3179 qui
660 3113 703 3158 ne
718 3089 833 3158 afferri
855 3092 993 3181 quidem
1008 3091 1175 3176 debebat,
1201 3088 1290 3180 quod

136 3190 231 3260 loibi
249 3193 384 3282 pridem
403 3214 482 3259 vera
507 3193 611 3262 lectio
636 3195 823 3290 ἐπιχειρέρ
839 3218 880 3262 ex
903 3196 1006 3265 codd.
1032 3195 1194 3263 adnotata
1215 3200 1291 3262 erat.

180 3296 233 3364 lta
252 3319 334 3364 vcro
356 3295 474 3384 quidni
486 3296 520 3365 in
540 3297 691 3388 plurimis
706 3299 779 3366 aliis
793 3295 876 3367 locis
887 3301 1049 3368 codicum
1073 3297 1292 3389 approbatio·

180 3422 260 3466 nem
275 3400 490 3489 praevertas?
515 3402 632 3470 Altera
646 3401 735 3471 haec
756 3403 842 3469 ratio
865 3413 931 3488 est,
956 3403 1051 3491 quod
1067 3401 1208 3489 quidam
1226 3397 1292 3467 loci

182 3523 318 3570 omnem
334 3503 526 3594 corrigendi
541 3513 697 3574 conatum
712 3505 871 3573 reiiciant.
899 3507 946 3574 At
961 3507 1006 3574 de
1023 3514 1182 3596 quattuor
1202 3503 1292 3584 locis,

181 3606 302 3695 quibus
325 3605 360 3672 in
378 3604 468 3675 hanc
486 3630 559 3676 rem
579 3631 656 3677 usus
676 3619 740 3693 est,
768 3608 836 3676 duo
859 3610 903 3676 ad
927 3608 1177 3678 emendandum
1199 3606 1293 3676 facil-

222 3907 250 3991 *)
272 3909 347 3970 lta'
338 3922 371 3970 ιο
388 3910 529 3991 Thucyd.
550 3913 590 3975 11.
610 3917 662 3980 29.
684 3913 889 3974 revocandum
913 3913 1048 3973 futurum
1071 3936 1109 3977 ex
1130 3913 1220 3978 codd.
1235 3911 1296 3976 πεί-

181 4013 245 4058 σειν
265 4019 322 4078 γαρ
336 3992 486 4077 Σιταλνιην
504 3995 638 4077 πέμψειν
660 3995 800 4081 σερασιαν
822 4009 878 4058 etc.
901 4001 1043 4064 et127
1066 3994 1242 4082 ἐδεηθησαν
1254 4029 1295 4042 -

181 4079 337 4163 ξομπροπέ
337 4096 440 4163 μψειν.
456 4103 486 4142 v
501 4084 647 4164 Poppol.
659 4091 723 4164 t.p.
741 4086 813 4150 159.
832 4105 870 4142 ss.
893 4085 969 4144 Vide
985 4085 1114 4145 Lobeck.
1129 4085 1169 4144 ad
1182 4083 1294 4164 Phryn.

180 4167 252 4229 747.
277 4174 308 4224 et
328 4173 402 4231 717.
426 4167 574 4228 Schaeser
598 4169 636 4227 ad
657 4169 741 4228 Poet.
767 4190 863 4248 gnom.
897 4191 928 4251 p.
954 4176 1005 4236 16.
1035 4172 1078 4230 lle
1103 4170 1241 4246 ἐλπίζειν,
1259 4168 1295 4227 de

104 4317 110 4323 .
181 4250 455 4404 qulNJongmnus’
447 4254 538 4334 ,agit
560 4252 666 4315 Th0m·
694 4256 733 4315 M
762 4275 793 4335 p.
824 4260 896 4322 167.
912 4277 940 4320 v
971 4255 1103 4316 Boeckh.
1139 4256 1178 4317 ad
1208 4253 1295 4316 Pind
