2826 4904
205 321 248 382 24
546 314 618 379 nu
684 311 981 384 PORSEOS

204 488 305 579 quid,
331 487 427 579 quod
442 495 536 556 extra
548 509 624 554 eom
636 495 702 571 est,
722 485 919 574 referenda,
948 507 1058 574 oeque
1069 485 1199 554 absolvi
1211 494 1326 555 tamen

205 594 275 663 ullo
289 591 395 661 modo
416 599 739 680 potestpropterea
751 590 864 679 quod,
886 589 913 657 si
928 599 1043 679 posset
1055 589 1161 674 finiri,
1187 591 1327 661 notione

205 697 319 784 aliqua
340 693 566 762 includeretur
590 703 625 762 et
640 693 790 761 formalis
803 693 970 761 finalitatis
982 701 1135 760 naturam
1148 694 1325 778 amitteret,

203 810 314 883 recte,
340 798 493 882 arbitror,
509 806 663 867 externae
675 797 840 865 finalitatis
852 796 1003 869 formalis
1016 797 1151 863 nomine
1166 797 1325 886 appella·

190 913 267 970 tur.
292 902 345 969 Ea
351 899 550 992 magnitudo
562 909 674 968 autem
688 900 781 989 quod
795 922 948 969 sensuum
957 907 1097 990 ceptum
1109 901 1325 990 lougeexce-

204 1005 264 1091 dit,
278 1026 347 1071 nou
361 1004 405 1071 ad
417 1004 615 1088 intellectus,
632 1005 691 1091 qui
701 1004 780 1071 data
792 1003 901 1071 solum
919 1003 1062 1087 ordinat,
1079 1005 1244 1088 notiones,
1261 1003 1324 1071 sed

203 1107 250 1177 ad
264 1108 415 1192 mtionb,
438 1107 641 1175 infinitorum
658 1130 852 1197 supremam
872 1105 1100 1174 conditionem
1114 1106 1324 1194 requirentis,

202 1210 297 1278 ideas
319 1209 508 1280 excitandas
531 1208 737 1279 idonea-est.
785 1210 844 1279 Sic
863 1211 965 1277 etiam
978 1210 1190 1300 intelligitur,
1217 1232 1324 1298 quare

191 1313 372 1383 'formosae
387 1313 455 1381 dici
467 1314 560 1404 ipsae
572 1336 625 1381 res
646 1313 788 1403 possint,
814 1313 973 1380 sublimes
992 1314 1223 1404 nonpossint:
1247 1313 1323 1383 for-

168 1403 174 1421 *
201 1439 317 1491 mosae
340 1419 432 1484 enim
447 1438 500 1483 res
517 1417 552 1483 in
567 1439 602 1483 se
614 1418 694 1505 ipsis
709 1417 852 1485 notionis
869 1414 1052 1503 quamdam
1065 1414 1228 1499 formam,
1253 1437 1322 1504 qua

201 1519 367 1589 formatae
388 1521 472 1604 sint,
496 1541 687 1609 expressam
708 1518 850 1598 habent3
874 1519 1032 1587 sublimes
1051 1519 1323 1606 aluredianam,

200 1623 332 1707 ideam,
357 1645 444 1710 quae
455 1623 599 1712 exprimi
613 1644 680 1689 non
694 1631 817 1712 potest,
842 1621 990 1689 indicant
1004 1631 1132 1691 tanturn
1146 1631 1180 1690 et
1192 1623 1286 1691 velut
1301 1645 1322 1689 e

201 1727 389 1818 longinquo
400 1735 594 1793 monstrant.
641 1725 755 1810 Quare
769 1725 949 1814 voluptatis
963 1746 1100 1813 quoque
1113 1726 1148 1794 in
1161 1725 1323 1795 sublimi-

177 1875 180 1895 1
200 1838 270 1901 tate
289 1829 355 1896 alia
374 1838 476 1918 atque
489 1829 525 1895 in
538 1828 746 1897 formositate
763 1829 849 1895 ratio
863 1837 921 1895 est
963 1827 1127 1897 Formosa
1147 1830 1236 1897 enim
1257 1851 1322 1918 per

200 1949 237 2000 se
252 1941 288 2000 et
299 1932 410 1999 statim
428 1931 582 2020 placent:
607 1955 695 2020 quae
706 1954 758 1999 res
772 1939 884 1998 autem
895 1931 1053 2000 sublimes
1069 1940 1241 2017 vocantur,
1258 1953 1322 2000 eae

199 2034 315 2127 primo
331 2057 399 2102 non
412 2034 541 2119 solum,
567 2033 661 2122 quod
676 2056 773 2101 sensu
789 2033 1035 2123 comprehendi
1045 2043 1231 2123 nequeunt,
1257 2034 1321 2107 sed

91 2149 97 2173 “·
201 2139 322 2222 etiarn,
345 2137 457 2227 quod,
476 2138 503 2204 si
521 2160 586 2228 per
601 2161 636 2206 se
650 2137 742 2205 solae
758 2146 971 2227 spectantur,
995 2138 1088 2207 nulla
1101 2138 1193 2207 finali
1208 2137 1321 2207 forma

198 2240 340 2310 iudicari
355 2249 503 2331 possunt,
519 2240 793 2310 iniucunditatem
811 2251 942 2310 creant:
968 2251 1086 2331 postea
1104 2265 1196 2326 vero,
1213 2262 1320 2328 quum

200 2366 260 2429 eo,
293 2343 388 2432 quod
411 2343 458 2411 ad
482 2343 643 2412 infinitam
664 2345 929 2434 magnitudinem
951 2345 1154 2430 referuntur,
1183 2345 1319 2417 raucus

195 2448 267 2515 viru
287 2448 481 2530 excitarunt,
501 2469 565 2517 nec
580 2447 717 2515 formali
733 2447 907 2533 finalitate,
930 2470 995 2516 nec
1008 2449 1185 2536 voluptate
1193 2458 1317 2517 carent

203 2602 218 2617 a.
298 2550 396 2619 llaec
411 2549 645 2639 pulcritudinis
657 2549 941 2618 informositatem
953 2572 994 2617 ac
1012 2551 1249 2617 sublimitatem
1265 2551 1319 2623 di-

196 2651 279 2719 visio
293 2674 363 2739 quo
376 2652 495 2719 molins
506 2651 732 2740 intelligatur,
758 2649 803 2717 ad
822 2651 931 2719 fontes
947 2653 1017 2719 eius
1040 2662 1141 2739 atque
1153 2651 1317 2744 principie

197 2752 392 2828 adeundum
413 2762 470 2820 est
518 2753 576 2822 Ac
599 2775 705 2840 quum
725 2753 876 2820 notiones
898 2754 934 2821 in
955 2753 1182 2844 pulcritudine
1205 2759 1317 2825 nullae

196 2856 275 2941 sint,
300 2855 400 2922 missa
412 2855 654 2923 informationis
670 2878 786 2923 earnm
802 2856 947 2941 ratione,
973 2880 1062 2946 quae
1077 2858 1317 2947 posterioribus

196 2959 447 3049 categoriarum
465 2959 643 3025 momentis
664 2957 835 3048 descripta
849 2967 917 3043 est,
943 2960 1002 3027 illa
1014 2970 1145 3029 tantum
1161 2962 1316 3034 conside

147 3134 150 3138 ,
195 3062 262 3129 rari
274 3061 464 3152 oportebit,
490 3061 643 3150 equibus
660 3060 858 3130 formantur.
907 3064 995 3133 Nam
1016 3065 1077 3133 etsi
1090 3066 1188 3133 certis
1200 3066 1315 3133 nobo-

194 3165 292 3233 nibus
306 3164 498 3254 pulcritudo
507 3173 610 3248 caret,
615 3163 675 3231 illa
686 3173 798 3232 tarnen
807 3165 924 3235 adesse
934 3167 1072 3252 debent,
1084 3167 1176 3237 unde
1186 3169 1316 3258 possint

195 3269 331 3336 omnino
353 3267 493 3335 formari
505 3267 667 3352 notiones,
688 3268 777 3356 quia,
790 3267 878 3338 hacc
892 3270 1100 3357 siabessent,¹
1116 3294 1158 3339 ne
1172 3270 1316 3361 lr'aberet

194 3371 334 3460 quidem
347 3394 459 3456 mens,
476 3369 511 3438 in
525 3393 593 3459 quo
607 3371 717 3439 lusum
728 3394 932 3462 quemquam
945 3375 1163 3464 experiretur,
1184 3375 1315 3465 Requi-

193 3484 310 3543 ruutur
326 3483 445 3541 autem
456 3474 501 3541 ad
519 3473 705 3563 quamlibet
716 3476 888 3543 notionem
911 3476 1125 3545 formandam
1146 3477 1233 3547 duae
1249 3501 1313 3563 res,

193 3577 320 3668 prima,
338 3599 426 3664 quae
439 3577 521 3645 alius
535 3577 719 3668 cuiuspiam
730 3579 780 3645 rei
797 3566 919 3647 auxilio
932 3590 1175 3671 cognoscatur,
1196 3581 1313 3666 altera,

147 3746 150 3750 .
193 3681 287 3750 cuius
303 3681 427 3748 anxilio
450 3680 511 3747 illa
534 3691 774 3772 cognoscatur;
805 3682 993 3753 subiectum
1012 3683 1313 3773 praedicatumque

89 3776 95 3785 ’
192 3781 394 3874 philosophi
409 3784 592 3873 appellant
631 3783 766 3852 Horum
789 3784 835 3852 ad
854 3785 1081 3855 informandas
1093 3788 1246 3855 notiones
1254 3810 1313 3855 -ra-

191 3888 318 3963 tionem
338 3888 556 3976 quantitatem
577 3887 837 3976 qualitatemque
857 3897 990 3977 vocant.
1040 3890 1173 3976 Quodsi
1196 3891 1312 3959 esub-

191 3990 272 4058 iecti
282 3989 554 4087 praedicatique,
567 4013 656 4078 quae
667 3993 807 4058 materia
823 3991 940 4083 logica
952 3991 1085 4079 dieitur,
1101 3992 1312 4063 coniunctio-

191 4114 236 4161 ue
248 4093 400 4161 notiones
421 4093 627 4177 efficiuntur,
652 4115 718 4163 uec
735 4103 848 4161 tamen
867 4095 1079 4185 pulcritudo,
1104 4098 1186 4168 licet
1202 4106 1312 4165 mate-

72 4200 79 4209 '
146 4225 163 4271 a.
191 4195 242 4264 ria
256 4195 371 4284 logica
389 4218 503 4266 carere
514 4202 678 4285 nequeat,
702 4205 809 4264 certas
824 4200 974 4268 notiones
990 4199 1151 4268 admittit:
1176 4221 1312 4270 necesse

192 4307 250 4383 est,
264 4299 300 4365 in
310 4299 536 4389 pulcritudine
547 4323 617 4369 uon
631 4306 738 4369 totam
751 4302 925 4372 materiam
935 4304 1097 4396 logicam,
1111 4303 1172 4373 red
1182 4303 1311 4373 alteru·
