2826 4904
413 294 416 301 ’
450 316 497 377 ιι
528 305 932 377 αιιιιιίιιαιι.
976 292 978 297 ’
1186 317 1249 380 ιιι

136 501 266 560 temere
278 489 431 558 liciarum
448 489 632 580 ellipsim,
659 490 703 557 ad
721 511 823 578 quem
839 488 938 557 etiam
954 487 1041 555 infra
1054 509 1123 555 non
1144 485 1249 555 semel

136 592 350 664 redeundum
369 593 464 660 nobis
486 594 565 678 erit,
593 593 823 661 confusionem
841 592 923 660 dico
940 590 1082 659 duarum
1101 591 1247 659 locutio-

134 721 228 767 num.
280 695 383 764 Cuius
401 718 507 814 quum
520 696 554 761 in
572 696 725 763 omnibus
744 694 866 786 linguis
882 716 950 761 uon
963 715 1074 783 pauca
1093 692 1248 783 exemplo

135 799 361 882 inveniuntur,
386 808 458 865 tum
480 799 516 865 in
536 799 669 868 Graeca
683 798 802 889 lingua
813 797 900 866 hoec
913 797 999 863 ratio
1014 805 1083 893 tam
1096 796 1164 863 late
1177 795 1247 860 dif-

135 905 213 978 fusa
227 910 294 984 est,
320 911 357 968 ut
376 902 485 992 magis
504 902 563 968 ubi
578 923 646 968 non
666 909 846 1020 appareat,
871 923 973 988 quam
996 899 1053 967 ubi
1074 905 1246 1017 appareat,

136 1004 369 1096 quaerendum
395 1004 555 1072 videatur.
618 1005 692 1073 Nec
720 1003 865 1086 mirum,
908 1002 1101 1071 Graecos
1091 1022 1128 1068 ιιι
1155 1009 1247 1067 tanta

135 1109 263 1200 ingemi
286 1106 473 1175 mobilitate
497 1130 538 1177 ac
563 1107 733 1174 celeritate
760 1107 803 1173 ab
825 1128 891 1172 una
916 1105 1051 1172 notione
1077 1103 1122 1170 ad
1142 1102 1247 1170 aliam

136 1210 333 1293 transsilire,
373 1219 408 1276 et
433 1212 481 1280 sic
501 1210 723 1278 diversissima
743 1208 778 1274 in
804 1209 938 1276 brevius
974 1229 1100 1299 cogere
1131 1205 1246 1273 solitos

136 1315 249 1383 fuisse.
310 1313 389 1396 Quo
410 1314 537 1404 magis,
569 1322 746 1401 antequam
769 1310 813 1378 ad
839 1306 970 1402 ellipsin
990 1309 1108 1398 aliquis
1125 1307 1246 1376 confu·
1349 1352 1355 1367 ι

136 1419 229 1510 giat,
258 1414 440 1483 videndum
469 1425 535 1500 est,
567 1438 609 1483 ne
635 1415 777 1482 duarum
803 1414 1010 1485 locutionum
1040 1412 1248 1495 confusione,

137 1543 227 1610 quae
248 1520 334 1587 iusto
360 1520 494 1587 brevius
524 1518 614 1587 dicta
640 1517 831 1604 videantur,
876 1517 1057 1587 commode
1085 1514 1247 1607 explicari
1333 1503 1336 1510 ’

136 1622 274 1716 possint.
325 1621 383 1691 Sic
399 1619 554 1718 ἥδεσθαί
568 1650 604 1694 τι
612 1676 627 1710 ,
652 1618 772 1713 ἀλγεῖν
785 1648 837 1708 τι,
863 1628 897 1688 et
917 1643 1005 1708 quae
1024 1627 1099 1685 suut
1112 1617 1313 1699 similium

138 1727 184 1794 de
207 1725 327 1814 quibus
342 1725 435 1815 apud
448 1725 588 1793 Bosium
608 1732 712 1814 estp.
730 1718 791 1789 25.
813 1731 847 1788 et
866 1720 971 1809 199,
996 1730 1088 1791 recte
1109 1719 1248 1808 quidem

137 1828 342 1899 Sohaelerus
365 1827 476 1918 ellipsi
497 1849 612 1897 carere
630 1826 727 1909 dicit,
761 1822 822 1891 sed
842 1827 1020 1894 obscurum
1038 1820 1151 1892 tamen
1172 1846 1248 1890 ma·

137 1939 217 2002 neat
239 1952 374 1998 necesse
398 1939 465 2016 est,
505 1927 679 2050 quomodo
710 1928 915 1996 accusativus
949 1951 1027 1996 cum
1033 1926 1111 1994 his
1139 1924 1253 1995 verbis

136 2033 284 2106 construi
301 2033 424 2125 possit,
455 2033 517 2101 nisi
533 2031 739 2117 memineris,
772 2054 850 2098 eum
872 2055 891 2099 e
912 2031 1032 2098 talibus
1051 2029 1178 2112 verbis,
1212 2035 1249 2094 ut

138 2139 302 2232 στερνιιν
329 2145 364 2203 et
383 2132 619 2230 ἀποστέργειν
637 2134 805 2225 pendere,
829 2154 895 2222 pro
919 2135 1039 2221 quibus
1058 2134 1135 2216 illa,
1160 2128 1249 2225 ἥδε-

136 2249 233 2312 σθαι
255 2245 290 2303 et
313 2234 455 2327 ἀλγεῖν,
486 2247 525 2304 ut
541 2261 577 2303 re
601 2239 674 2326 ipsa
690 2235 813 2304 eodem
828 2234 1019 2317 redeuntia,
1044 2233 1105 2301 sed
1121 2231 1265 2322 signifi-

135 2350 217 2412 catu
242 2337 404 2420 fortiora,
437 2338 682 2405 substituantur.
746 2335 923 2403 Simillima
944 2337 1028 2404 ratio
1061 2345 1110 2403 est
1138 2334 1250 2417 helius,
1332 2413 1337 2417 q

135 2442 305 2531 ιιατέχιιν
318 2466 418 2520 τινος
424 2488 439 2520 ,
463 2441 558 2528 quod
571 2441 698 2533 pariter
712 2437 915 2507 Schaeferus
938 2462 974 2529 p.
990 2436 1052 2506 44.
1075 2457 1254 2507 enumero

137 2544 305 2636 ellipsium
330 2552 423 2611 recte
453 2544 587 2630 eximit,
625 2541 685 2610 sed
714 2564 783 2609 ιιοιι
806 2542 967 2632 explicuit
985 2551 1107 2610 tamen
1172 2541 1254 2607 Non

135 2648 259 2719 rectius
273 2645 360 2733 hoc,
387 2643 414 2712 si
432 2648 608 2736 propriam
622 2647 718 2713 verbi
731 2647 1009 2713 constructionem
1024 2652 1172 2735 specteS,
1195 2642 1250 2709 di·
1354 2708 1358 2715 .

136 2753 234 2836 citur,
260 2771 362 2839 quam
383 2756 530 2845 ιιρατεῖιι
551 2742 665 2828 vande:
684 2747 745 2815 sed
765 2756 798 2814 et
819 2747 904 2815 illud
927 2757 977 2816 est
1001 2741 1132 2843 νριέτος
1150 2739 1250 2825 arvos

96 2892 98 2896 ’
138 2857 233 2944 ἔχειν
241 2909 256 2943 ,
283 2862 317 2919 et
338 2850 408 2919 hoc
431 2845 589 2938 κάτοχόν
611 2877 709 2930 τινος
732 2846 835 2922 εἶναι.
887 2851 1022 2920 Vellem
1045 2848 1250 2920 Schaeferus

138 2957 240 3026 etiam
271 2978 306 3045 p.
339 2952 425 3022 392.
453 2963 487 3022 et
516 2953 603 3022 443.
632 2977 701 3021 non
725 2953 801 3020 satis
823 2953 1010 3038 habuisset,
1045 2946 1249 3049 τρύχεσθαι

137 3052 238 3138 τινός
260 3066 294 3125 et
314 3056 517 3151 στεφανοῦν
536 3056 681 3145 πίτυος,
707 3056 763 3125 vel
778 3080 865 3146 qnae
885 3058 1005 3125 similia
1019 3065 1108 3140 sunt,
1135 3053 1250 3122 Grae-
1308 3125 1317 3134 .

137 3183 200 3230 cae
220 3161 358 3251 linguae
378 3161 535 3250 proprias
555 3160 814 3228 constructiones
828 3161 1014 3250 appellare.
1064 3159 1152 3226 Nam
1165 3153 1249 3244 quid

138 3263 232 3332 aliud
259 3263 359 3331 etiam
380 3263 514 3353 ellipses
535 3261 632 3329 sunt?
662 3263 771 3327 lmmo
792 3261 830 3327 id
853 3261 1102 3350 requirebatur,
1126 3266 1166 3324 ut
1184 3256 1247 3323 de-

139 3368 339 3449 clararetur,
382 3389 484 3453 quam
511 3366 673 3431 rationem
696 3363 764 3429 hae
790 3364 1051 3432 constructiones
1073 3360 1246 3444 haberent,

138 3492 208 3559 quo
229 3471 354 3536 tirones
374 3490 442 3535 non
468 3479 538 3536 tam
564 3491 620 3536 eas
646 3465 849 3550 ediscerent,
882 3490 983 3555 quam
1011 3465 1245 3555 intelligerent.

136 3577 199 3644 Est
217 3595 298 3640 vero
317 3571 376 3641 hic
393 3595 530 3661 quoque
551 3571 609 3638 illa
637 3570 781 3637 duarum
801 3569 1008 3638 locutionum
1029 3565 1247 3637 commutatio
1337 3653 1340 3660 1

137 3674 352 3760 adhibenda,
378 3698 482 3763 quum
505 3668 726 3793 spostolus,
757 3678 951 3761 καίεσθαι,
978 3669 1115 3743 αλῶναί
1134 3660 1246 3752 τινός,

137 3777 345 3873 στεφανοῦν
365 3778 506 3862 πίτυος,
532 3776 612 3842 inde
628 3776 797 3859 dicantur,
823 3776 917 3864 quod
939 3797 1023 3866 pro
1012 3773 1116 3840 hisce
1139 3768 1249 3837 verbis

137 3904 235 3950 mens
256 3881 422 3950 substituit
441 3882 508 3949 alia
535 3879 657 3960 verba,
689 3878 793 3946 veluti
827 3873 949 3951 πόθον
958 3933 972 3966 ,
1006 3878 1123 3971 ἔρωτα
1152 3872 1256 3960 ἔχειν1

137 3979 259 4072 τινός,
286 3986 466 4076 στέφανον
487 3982 694 4054 ἐπιτιθέναι
714 4006 849 4061 nervos.
902 3981 1016 4047 Minus
1036 3977 1136 4045 etiam
1152 3973 1248 4040 satis-

134 4088 220 4158 facit
232 4086 434 4156 Schaeferus
449 4107 485 4174 p
477 4081 603 4167 .122.,
628 4084 687 4152 ubi
703 4079 842 4178 ιιιίιιῇ
856 4081 1011 4154 modost
991 4107 1082 4169 εχει,
1110 4079 1154 4146 de
1169 4075 1265 4169 qui-
1227 4079 1315 4142 -124

136 4193 201 4260 bus
229 4191 329 4258 miras
356 4190 413 4256 alii
436 4186 641 4256 coniecturas
667 4186 892 4275 protulerant,
925 4185 972 4251 sic
1006 4183 1168 4272 explicat,
1210 4189 1249 4248 ut

76 4282 79 4286 ⁴
135 4294 288 4363 noudum
306 4303 436 4379 tamen,
467 4289 558 4358 uude
581 4290 745 4380 genitivus
764 4287 908 4370 venerit,
954 4285 1085 4354 clarum
1105 4308 1176 4355 esse
1195 4285 1246 4353 vi-
