2826 4904
407 334 466 394 ou
492 331 779 396 unonoulnn
801 333 980 395 aaron
1186 326 1269 400 alo

238 507 358 601 ὤμοσε
381 506 421 579 δὲ
440 499 529 603 προς
554 503 615 599 ἔμ’
640 500 764 579 αὐτόν.

136 643 245 713 Simili
269 645 397 712 ratione
420 640 638 733 explicandus
664 652 714 711 est
733 643 829 712 locus
850 641 1086 727 difficillimus,
1120 641 1188 712 od.
1211 652 1251 716 θ.

136 745 239 832 396.,
272 747 332 816 ubi
361 770 466 836 quum
495 747 659 816 Alcinous
681 745 878 815 Phaeacum
898 747 1067 837 principes
1099 745 1253 815 hortatus

137 860 239 934 esset,
263 858 302 918 ut
314 849 404 917 dona
414 849 527 939 Vlyssi
544 849 745 969 conferrent,
772 849 818 917 de
830 850 1001 938 Euryalo,
1027 851 1086 940 qui
1100 851 1252 940 iniquum

136 977 171 1022 se
189 954 302 1043 Vlyssi
313 954 582 1044 praebuerat,
558 975 606 1021 src
622 951 719 1020 dicit.

238 1085 430 1212 Εορύαλος
451 1089 529 1164 δέ
510 1117 528 1162 ε
546 1081 660 1162 αὐτον
685 1081 944 1186 ἀρεσσάσθω
925 1087 1087 1162 εσέεσσιν

237 1192 298 1264 καὶ
320 1187 432 1290 δώρῳ

135 1329 323 1398 Haeserunt
338 1330 472 1400 hicum
461 1328 590 1413 docti,
615 1350 721 1416 quum
733 1328 967 1422 intelligerent,
990 1350 1060 1398 uon
1076 1327 1121 1397 de
1134 1327 1252 1420 Vlysse

136 1433 230 1524 ipso,
256 1434 317 1502 sed
336 1433 381 1501 de
394 1434 543 1522 Euryalo
559 1432 635 1522 ipso
660 1431 787 1501 debere
803 1455 992 1501 sermonem
1007 1421 1102 1501 csse(
1138 1434 1252 1523 Atque

137 1546 235 1605 acute
264 1536 458 1627 Stephanus
484 1536 666 1627 Berglerns
691 1536 908 1606 scribendum
942 1535 1102 1606 iudicavit
1130 1530 1249 1615 αὐτός.

135 1639 264 1708 Verum
301 1641 413 1709 obstat
445 1640 605 1731 vulgatae
635 1639 787 1706 lectionis
816 1637 1000 1721 sinceritas,
1040 1637 1166 1705 munita
1196 1659 1250 1723 eo,
1309 1640 1314 1650 '

136 1741 231 1833 qnod
242 1743 457 1812 Aristarchus
471 1753 505 1811 et
520 1740 755 1824 Herodianus,
780 1749 819 1809 ut
833 1739 1040 1809 scholiastes
1053 1740 1147 1829 apud
1163 1740 1252 1806 Por-

135 1867 255 1914 sonum
288 1847 410 1930 refert,
450 1853 625 1913 accentum
652 1842 773 1931 prioris
800 1843 1008 1935 pronominis
1035 1842 1278 1928 inclinabant,

134 1949 303 2040 probante
325 1947 426 2016 etiam
440 1946 626 2037 Apollonio
647 1946 684 2013 in
704 1946 791 2038 libro
814 1946 858 2015 de
876 1946 1015 2036 Syntaxi
1035 1971 1071 2037 p.
1092 1944 1188 2031 142,
1215 1945 1249 2013 2.

136 2052 243 2136 Quod
258 2053 287 2119 si
307 2052 378 2120 hoc
395 2051 462 2120 dici
474 2040 672 2134 statuemus,
698 2050 799 2118 illum
809 2048 1050 2145 familiariter
1070 2049 1138 2121 sibi
1151 2141 1154 2146 Ι
1166 2071 1250 2121 con-

135 2156 244 2242 ciliet,
270 2165 363 2223 recte
377 2155 478 2224 stabit
491 2154 626 2242 antiqua
640 2152 754 2225 lectio.

677 2402 720 2472 V.

182 2537 265 2612 Οὐδ’
290 2537 388 2617 αὐτὸς
409 2545 486 2622 post
506 2563 571 2624 μη,
591 2539 648 2607 καὶ
669 2537 770 2620 αὐτὸς
790 2548 866 2626 post
888 2537 940 2606 οὔ
982 2539 1209 2622 Elaplioutioms

323 2646 436 2689 caussa
449 2623 602 2689 additum.
645 2628 847 2712 &plicatum
861 2647 924 2711 per
944 2645 1065 2687 nomen

143 2869 146 2873 .
238 2755 337 2870 Haec
356 2799 494 2889 quidem
518 2801 631 2887 attuli,
656 2812 695 2870 ut
714 2803 943 2886 ostenderem,
969 2794 1072 2889 quain
1085 2800 1183 2868 variis
1197 2799 1252 2867 di-

136 2907 365 2976 stinctionibus
390 2904 559 2972 inserviret
582 2927 772 2994 pronomen
793 2901 910 2986 αὐσός.
968 2906 1067 2974 Nunc
1086 2904 1252 2993 quosdam

139 3014 208 3080 eius
236 3033 312 3079 usus
332 3007 486 3099 pluribus
506 3032 706 3099 persequar,
749 3023 929 3103 postquam
952 3008 1041 3079 haec
1063 3007 1132 3075 duo
1154 3007 1252 3075 adiom

138 3136 238 3196 cero,
266 3134 388 3194 unum,
412 3111 582 3179 interdum
600 3115 635 3178 in
657 3116 902 3184 constructione
927 3112 1025 3180 huius
1047 3111 1252 3200 pronominis

136 3219 284 3310 figuram
299 3213 457 3298 iuvenilis
482 3236 585 3301 quam
603 3211 693 3310 πρός
716 3209 762 3288 νδ
787 3209 985 3305 νοούμενον
1000 3222 1121 3282 vocant
1135 3234 1252 3305 gram-

136 3321 259 3391 matici.
302 3314 407 3411 ulliad.
435 3342 473 3386 ω.
492 3311 579 3383 569.

108 3519 113 3523 ,
238 3448 291 3552 μή
308 3481 366 3544 oa,
392 3453 520 3548 γέρον,
548 3447 630 3526 οὐδ’
652 3446 765 3525 αὐτον
781 3449 832 3525 ε’νὶ
852 3445 1026 3546 κλισίῃσιν
1042 3441 1149 3538 inico,

136 3597 197 3667 ubi
217 3591 419 3664 constructio
440 3591 633 3681 postulabat
649 3586 738 3687 μηδ’
756 3582 887 3670 αὐτόνς
913 3595 946 3655 et
969 3586 1037 3657 od.
1057 3613 1090 3683 η.
1114 3585 1175 3655 Ί3.

242 3727 286 3806 οὐ
301 3730 370 3823 μὲν
383 3723 453 3826 γάρ
470 3757 510 3803 τι
531 3722 619 3802 νόου
640 3757 680 3822 γε
696 3727 757 3801 ναὶ
778 3721 874 3824 αὐτῇ
888 3719 1033 3799 δεύεται
1052 3721 1200 3813 ἐσθλοῦ,

136 3871 198 3941 ubi
232 3867 414 3937 dicendum
446 3875 517 3935 erat
545 3862 628 3940 ουδ’
654 3859 759 3961 αὐτή
812 3864 987 3945 Alterum,
1020 3869 1058 3930 ut
1085 3859 1254 3928 interdum
1372 3898 1377 3907 x

137 3966 249 4079 οὗτος
271 3970 461 4062 explicandi
475 3992 591 4038 caussa
603 3977 683 4062 post
698 3991 821 4036 nomen
836 3969 947 4060 ipsum
962 3964 1126 4049 adiicitur,
1145 3962 1299 4057 veluti50

135 4080 171 4146 in
185 4075 315 4166 hymno
330 4072 463 4142 Cereris
484 4096 515 4142 u
536 4071 569 4139 l.

241 4205 445 4333 Δήμητρ’
423 4204 606 4332 prisoner,
634 4234 767 4303 σεμνην
788 4201 896 4288 θεόν,
925 4203 1046 4304 ἄρχομ
1053 4200 1227 4291 ’duliam

242 4307 378 4410 αὐτήν,
404 4309 467 4411 ἠδὲ
481 4306 653 4409 θύγατρα
673 4336 922 4409 τανυσφυρον,
