2826 4904
149 310 201 373 DE
215 308 326 371 vituli.
344 307 486 384 QVIBVS
500 306 642 370 cunuti
654 306 795 370 Inessa
807 303 950 382 BQVOR.
962 306 1004 367 IN
1007 251 1159 368 melus.
1175 309 1221 371 Φ

103 489 251 569 teretur,
283 480 405 550 funalis
427 479 581 549 dentum
603 480 690 548 latus
716 480 862 549 tenebat.
893 500 896 505 ⁴
918 478 1012 549 Hine
1029 474 1218 568 Aeschylus

106 576 329 681 σειραφόρον
349 583 537 679 κριθῶντα
560 584 680 655 πῶλοι
696 583 795 667 dixit,
820 605 925 673 quum
942 582 1068 650 fortem
1088 582 1218 650 et‘vali·

105 689 189 756 dum
201 687 483 771 velletindicare,
509 695 544 754 et
565 685 759 776 Sophocles
778 685 928 754 Martem
950 685 1083 755 vocarit
1099 676 1217 766 δεξιός
1244 697 1250 705 ’

104 817 248 886 σειροι,
279 798 316 857 ut
342 791 589 882 impetuosum,
621 788 729 857 dextri
752 792 832 878 equi
848 811 963 875 more,
1003 787 1218 880 significaret

102 896 183 962 Non
203 903 253 962 est
273 902 385 961 autern
407 891 614 963 consuetudo
626 892 686 959 illa
700 914 804 981 equos
823 895 859 962 iu
874 892 1046 962 curulibus
1060 890 1238 960 cm.

101 998 202 1066 nibus
222 997 257 1064 in
275 997 415 1064 laevam
433 993 594 1064 flectendi
613 1003 743 1064 temere
765 1004 848 1064 orta.
880 1024 884 1031 ·
906 997 995 1064 Nam
1022 995 1102 1084 equi
1124 993 1218 1063 null·
1246 997 1249 1004 '

102 1109 177 1168 arte
200 1108 234 1168 et
258 1097 436 1191 disciplina
461 1099 583 1167 emditi
598 1107 717 1166 natura
731 1099 805 1166 fere
820 1099 929 1167 solent
943 1097 1083 1166 tolut‘un
1090 1097 1219 1165 sinistra

101 1204 169 1289 ire,
201 1203 282 1292 quia
299 1205 348 1273 sic
365 1205 401 1271 iu
422 1211 520 1270 utero
540 1211 732 1293 gestantur,
772 1210 811 1269 ut
832 1203 953 1272 dextro
984 1198 1081 1269 armo'
1109 1199 1218 1291 magis

102 1316 275 1376 coarctato
295 1306 434 1375 liberior
453 1307 497 1373 sit
517 1304 653 1374 sinister.
674 1322 689 1335 '⁸
712 1305 827 1390 Quare
850 1307 886 1372 in
916 1305 1090 1374 sinistrum
1104 1303 1218 1394 magis

100 1410 308 1480 incumbunt.
332 1409 376 1478 ld
396 1409 500 1501 igitur
523 1429 630 1497 quum
645 1408 952 1478 animadvertissent
968 1407 1118 1493 Graeci,
1138 1427 1218 1476 cur·

101 1535 177 1580 sum
197 1512 353 1582 videntur
372 1513 421 1580 sic
439 1511 630 1599 instituisse,
672 1521 711 1581 ut
744 1533 854 1601 equos
882 1511 940 1597 id,
981 1510 1077 1600 quod
1098 1518 1218 1578 natura
1304 1502 1306 1507 ⁴

101 1625 320 1708 momtraret,
355 1617 449 1705 sequi
473 1605 678 1705 paterentur.
729 1616 818 1684 Nam
844 1616 872 1683 si
901 1616 947 1683 ab
975 1613 1095 1681 dextra
1117 1620 1218 1702 parte

101 1727 227 1788 metam
247 1720 376 1788 ambire
396 1719 596 1806 voluissent,
629 1717 815 1788 verendum
838 1726 928 1804 erat,
950 1739 994 1785 ne
1009 1715 1114 1806 equi,
1131 1718 1217 1804 quos
1245 1724 1247 1728 '

103 1845 124 1890 e
145 1845 246 1892 curru
267 1823 409 1892 difficile
430 1831 480 1890 est
500 1823 549 1890 ita
567 1843 708 1915 regere,
738 1831 909 1890 utcontra
926 1824 1079 1888 naturam
1100 1818 1248 1887 dextra‘

100 1925 235 1994 tolutim
249 1936 343 2012 eant,
368 1927 404 1994 in
415 1924 560 1994 flexione
581 1936 640 1994 ant
653 1926 864 2012 laberentur,
889 1925 920 1993 si
934 1924 1066 1993 sinistra
1082 1921 1217 1990 tolutim
1245 1920 1248 1925 ’

99 2028 203 2116 irent,
239 2039 313 2115 aut,
346 2029 395 2117 si,
425 2028 530 2121 quod
551 2030 633 2119 equi
660 2050 777 2099 omnes
803 2039 930 2098 natura
949 2028 1040 2096 duce
1060 2028 1097 2094 in
1121 2024 1217 2093 brevi

98 2130 192 2202 flexu
210 2133 355 2217 faciunt,
380 2143 521 2224 repente
541 2125 670 2202 mutata
685 2133 817 2224 pedum
839 2128 1105 2222 glomeratione,
1131 2127 1217 2194 dex-

97 2242 154 2301 tra
171 2236 223 2301 ire
241 2236 459 2322 inciperent,
472 2255 542 2301 non
561 2235 668 2302 modo
690 2237 882 2302 turbaretur
905 2231 1036 2315 cursus,
1062 2228 1124 2298 sed
1138 2228 1248 2299 cur-²
1315 2225 1318 2232 ’
1376 2243 1379 2250 ·

97 2358 158 2404 rus
179 2335 281 2403 etiam
303 2355 477 2419 succussu,
503 2324 702 2422 quem‘inde
713 2335 793 2402 oriri
806 2341 1058 2417 necemeesset,
1084 2341 1244 2400 everte·

97 2447 202 2507 retur.
261 2439 380 2526 ltaque
401 2437 534 2505 sinistro
553 2439 643 2506 flexu
662 2461 727 2528 per
749 2437 932 2506 certamina
948 2436 1077 2507 curulia
1091 2435 1243 2503 nobili«-'

97 2551 191 2626 tato,
215 2543 336 2609 nimrsit
353 2541 445 2609 baec
466 2541 677 2611 consuetudo
697 2541 800 2610 etiam
820 2548 957 2631 postea,
989 2560 1103 2627 quum·
1119 2536 1218 2625 equi·
1242 2544 1247 2552 “

99 2645 264 2714 tandi'ars
276 2645 345 2714 coli
358 2644 543 2734 coepisset,
557 2655 608 2713 >ut
626 2645 670 2712 ab
694 2645 828 2713 sinistro
840 2651 944 2712 cursu¹
957 2642 1055 2710 fieret
1075 2640 1215 2708 initium.

11 2738 13 2742 ¹
98 2748 172 2818 Sed
188 2748 366 2818 redeamus
390 2747 437 2815 ad
456 2747 747 2840 Xenophontem,
776 2748 839 2838 qui·
858 2769 966 2838 quum.
984 2748 1115 2814 serrato
1133 2742 1216 2814 'hoe

98 2875 213 2937 more,
238 2850 414 2943 quomodo
435 2851 562 2920 sinistra
584 2852 717 2921 tolutim
737 2851 925 2920 iridebeat
941 2848 1117 2918 ostendere
1131 2847 1215 2928 vult,

97 2955 326 3045 ita'loquitur:
352 2951 557 3051 ἐπειδήπερ
571 2955 631 3029 καὶ
645 2950 801 3029 eludatis
816 2952 1018 3048 ἁριστιριδι
1031 2949 1216 3043 ἄρχεσθαι
1240 2969 1245 2978 ’

98 3053 408 3153 εὖδοιιιμιᾶτιροιι,Ι
435 3053 508 3130 ὀἷδ’
532 3052 762 3153 depolitum
785 3052 861 3130 clud
882 3049 1027 3130 τούτων
1047 3052 1213 3146 ἄρχοιτο,

98 3163 153 3252 εἴ,
181 3153 483 3258 διατροχᾶζοιτος
505 3160 574 3254 μὲν
591 3155 705 3234 ὁπότε
719 3157 918 3255 ἀναβαίνω
930 3158 983 3254 τῷ
1001 3156 1118 3248 deligi,
1144 3147 1214 3226 τό·
1240 3171 1243 3178 “

97 3292 142 3336 τε
165 3263 335 3372 σρμαίιοι
365 3263 419 3358 τῷ
442 3269 541 3356 ἵππῳ
564 3257 610 3336 'ad
636 3265 953 3359 ἑπιραβδοφοριῖι.
1011 3258 1232 3347 Interpreles'

96 3368 170 3435 fere
199 3375 324 3458 putant
341 3364 416 3436 hoc
441 3363 557 3435 dicere
583 3364 864 3457 Xenophontem,
899 3363 927 3429 si
953 3383 1078 3451 equus,
1108 3368 1214 3451 quum

96 3471 224 3538 debeat
243 3470 372 3538 sinistro
390 3467 525 3536 tolutim
538 3468 709 3553 incedere,
731 3468 850 3536 dextra
866 3465 965 3553 velit,
997 3465 1101 3558 virge»
1113 3486 1214 3534 coer·

96 3572 348 3644 cendum'esse.
406 3572 515 3659 Atqui
540 3575 570 3642 si
591 3574 898 3670 ἐπιρᾱβδοφορεῖν
923 3579 974 3639 est
997 3569 1136 3638 tolutim
1147 3565 1212 3650 ire,
1240 3591 1243 3599 ·

95 3677 184 3744 salsa
203 3685 253 3745 est
268 3678 331 3744 ista
351 3675 550 3767 explicatio,
576 3687 614 3746 ut
634 3672 789 3762 taceam,
809 3685 881 3743 tarn
897 3673 1135 3765 ineptum‘esse
1145 3669 1214 3736 tale
1231 3698 1233 3703 >

94 3790 337 3872 praeceptum,
374 3789 413 3848 ut
432 3780 680 3869 erroremequi
703 3780 774 3848 non
796 3779 961 3869 corriget,
987 3775 1052 3844 sed
1076 3780 1212 3864 augeat

94 3883 261 3952 Heubelii
281 3893 394 3952 autem
411 3883 649 3974 interpretatio
663 3905 702 3950 se
719 3881 962 3973 ipsa'refellit,
978 3879 1013 3945 in
1027 3899 1094 3966 qua
1107 3897 1212 3964 quum
1237 3895 1241 3900 ’

96 3987 165 4056 alia
186 3996 262 4055 sunt
279 4007 455 4078 perversa,
479 3997 552 4056 tum
565 3986 635 4056 hoo
647 3986 810 4072 maxime,
837 3982 930 4075 quod
943 3975 1017 4052 sind
1034 3979 1108 4053 τῶν
1122 3974 1212 4073 α’ρι-

96 4089 235 4187 crepon
256 4088 438 4186 ἄρχεσθαι
457 4097 491 4157 et
514 4090 567 4185 τῷ
588 4090 693 4185 δεξιῷ
704 4079 955 4184 διατροχᾶζιιν
967 4081 1124 4152 eamdem
1138 4105 1211 4150 rem

95 4217 167 4263 esse
185 4201 293 4286 putat.
344 4191 417 4261 Sed
439 4193 541 4261 etiam
562 4194 590 4261 si
611 4193 689 4282 quis
698 4191 840 4260 meliora
856 4187 979 4258 afferre
998 4187 1120 4280 possit,
1145 4185 1211 4254 ba-

92 4297 191 4366 bebit
208 4306 322 4366 tamen
342 4294 402 4368 hio
424 4296 539 4383 locus,
564 4296 600 4362 in
618 4318 689 4384 quo
710 4294 784 4385 quis
802 4294 955 4363 haereat,
1002 4293 1091 4362 Nam
1104 4313 1212 4382 quum
