2826 4904
97 1126 464 1248 commissario
477 1179 543 1248 ma
557 1177 742 1266 vunnu,
762 1177 937 1264 vavs
957 1180 1138 1251 aarum
1149 1183 1218 1252 m-

97 1297 289 1370 cussum
310 1299 555 1386 sevonum
574 1297 822 1386 murmur,
856 1300 921 1370 An
934 1300 1216 1377 amuornon-
1304 1322 1308 1329 ¹

284 1419 394 1491 uma
411 1420 477 1490 un
491 1420 557 1491 un
573 1419 932 1505 uovnsuurcar.
946 1422 1023 1492 vn.
1087 1478 1091 1494 ,

95 1726 650 1855 Xenophontemartiseqnitandi
662 1760 899 1853 peritissimum
910 1762 1021 1851 luisse,
1040 1767 1216 1857 unusquis·

97 1888 183 1957 qne,
208 1866 267 1955 qui
288 1866 360 1934 eius
383 1867 461 1934 artis
482 1889 551 1934 non
573 1874 622 1934 est
642 1867 797 1957 ignarus,
828 1867 974 1937 fateatur
997 1891 1133 1944 necesse
1155 1879 1213 1939 est.

96 1971 211 2058 Atque
224 1971 259 2037 in
279 1991 321 2038 eo
335 1969 443 2057 libro,
477 1992 580 2059 quem
594 1970 651 2038 ille
664 1969 709 2040 de
723 1994 761 2040 re
774 1973 919 2062 equestri
934 1971 1081 2063 scripsit,
1108 1997 1215 2063 quum

28 2074 35 2089 '
94 2073 242 2163 plurima
261 2072 488 2160 continentur,
514 2097 603 2164 qnae
625 2074 719 2165 apud
741 2065 859 2143 omnes
874 2083 993 2166 gentes
1007 2085 1110 2163 atque
1123 2077 1215 2144 omni

93 2185 252 2264 tempore
276 2198 298 2242 a
319 2173 605 2265 praestantissimis
625 2178 702 2242 artis
725 2178 893 2266 magistris
910 2178 1056 2265 probata
1071 2187 1104 2245 et
1116 2200 1214 2249 com-

91 2277 256 2346 mendata
277 2284 371 2361 sunt,
401 2285 476 2342 tum
498 2275 667 2365 quaedam
688 2277 799 2344 insunt
811 2277 1009 2368 singularia,
1035 2302 1123 2368 quae
1138 2283 1214 2370 quis

92 2379 220 2448 merito
242 2378 381 2446 miretur
397 2398 487 2447 nunc
505 2378 579 2446 fere
599 2377 731 2469 negligi
750 2370 869 2448 solere.
919 2379 967 2448 Vt
987 2383 1091 2469 illud,
1118 2385 1215 2474 quod

96 2505 259 2572 equuma
277 2481 398 2549 calone
413 2503 482 2547 non
494 2480 609 2566 frenis,
634 2479 696 2548 sed
710 2503 751 2548 eo
764 2481 853 2567 loro,
878 2483 973 2571 quod
991 2480 1215 2581 ῥυταγωγεός

96 2587 232 2657 Graece
244 2592 396 2669 vocatur,
422 2581 503 2653 duci
514 2585 594 2669 vult,
607 2606 652 2653 ne
666 2607 704 2652 os
720 2587 800 2674 equi
812 2579 976 2654 laedatur.
1026 2588 1104 2657 Alia
1119 2610 1212 2676 uero,

95 2712 208 2779 neque
227 2709 339 2780 pauca
358 2695 554 2772 occurrunt,
580 2710 669 2777 quae
686 2711 793 2776 quum
804 2689 895 2756 male
913 2690 1082 2762 intellecta
1093 2702 1212 2780 essent,
1253 2766 1261 2792 ⁹

96 2815 185 2862 nnnc
198 2788 420 2881 Xenophonti
432 2789 728 2883 reprehensionem
742 2803 960 2883 pepererunt,
973 2817 1062 2864 nunc
1076 2795 1123 2864 ita
1137 2807 1212 2865 sunt

92 2918 177 2967 ,cum
193 2896 271 2964 artis
289 2893 480 2985 praeceptis
493 2894 689 2981 conciliata,
715 2904 753 2963 nt
775 2896 882 2988 longe
906 2898 991 2984 alia,
1015 2921 1117 2987 qnam
1135 2901 1211 2987 fuit,
1247 2971 1249 2977 ,

95 3021 190 3068 mens
218 2998 321 3067 fuisse
344 2998 501 3088 scriptori
519 2998 730 3067 existimetur.
782 2997 932 3068 Omnino
953 3002 1042 3070 enim
1061 3005 1211 3073 omnium

95 3100 332 3192 Xenophontis
346 3100 511 3168 librorum
525 3099 584 3170 hic
599 3111 648 3168 est
659 3101 887 3188 difficillimus,
911 3105 1034 3193 partim
1045 3105 1211 3198 interpre—

94 3214 169 3274 tum
183 3204 275 3290 uitio,
299 3203 424 3295 partim
438 3205 484 3270 ob
499 3205 549 3271 rei
562 3205 667 3296 ipsius
680 3206 927 3274 obscuritatem.
979 3208 1093 3295 Atque
1107 3210 1212 3277 inter-.

94 3317 233 3407 pretum
254 3306 394 3396 quidem
411 3305 568 3398 plerique
588 3315 647 3376 aut
658 3308 709 3376 rei
723 3309 899 3396 equestris,
925 3318 983 3375 aut
997 3309 1123 3382 Graeci
1138 3335 1210 3382 ser·
1239 3339 1246 3343 ·

95 3411 204 3504 monis
218 3410 421 3499 omninoque
437 3409 636 3500 antiquitatis
649 3410 751 3478 rudes
757 3410 910 3481 fuerunt:
934 3411 969 3479 in
979 3414 1079 3483 rebus
1086 3425 1209 3502 autem,

94 3537 179 3605 quas
197 3523 318 3583 tractat
332 3512 545 3605 Xenophon,
570 3513 641 3585 hoc
654 3515 832 3583 maximam
845 3514 952 3585 habet
963 3515 1209 3606 difficultatem,

94 3617 193 3707 quod
211 3617 396 3687 multomm
414 3617 587 3686 nominum
607 3617 885 3710 significationem
909 3620 1058 3690 diuinare
1080 3631 1210 3690 tantum

94 3720 233 3805 licet,in
245 3745 313 3812 qna
325 3743 363 3790 re
370 3719 441 3807 hoc
447 3720 579 3793 facilius
587 3731 638 3790 est
644 3722 730 3807 falli,
737 3723 833 3812 qnod
846 3724 1056 3814 grammatici
1069 3733 1215 3809 veteres,

93 3825 130 3893 in
148 3824 264 3916 primis
286 3826 429 3913 Pollux,
459 3825 506 3894 itu
527 3848 640 3895 rerum
661 3824 708 3894 ad
720 3828 958 3915 equitationem
972 3828 1210 3918 pertinentium
1261 3816 1262 3821 ἵ

93 3928 245 4019 imperiti
262 3928 416 4014 fuerunt,
440 3937 479 3998 ut
492 3952 595 4021 saepe
614 3931 780 3999 contraria
798 3919 917 3999 eorum
935 3952 1023 4019 quae
1037 3929 1215 3999 debebant·

93 4033 272 4103 attulerint
321 4031 526 4101 Documenti
541 4055 657 4104 caussa
677 4033 763 4107 duos
783 4034 926 4103 afferam
946 4033 1043 4103 locos
1064 4035 1210 4126 ecapite

93 4133 171 4206 vll
192 4136 273 4205 libri
292 4133 550 4227 Xenophontci,
575 4148 721 4228 quorum
739 4139 837 4229 prior
848 4160 953 4226 quum
964 4138 1006 4204 sit
1016 4130 1206 4225 facillimus,

94 4248 163 4313 nou
174 4239 309 4312 videtur
327 4248 440 4312 tamen
462 4239 567 4332 plane
584 4240 774 4330 intellectus
786 4241 1081 4334 abiuterpretibus
1093 4244 1205 4330 fnisse,
