2826 4904
198 315 261 380 164
422 309 480 369 DE
507 306 690 369 ELLlPSl
723 307 782 367 ΕΤ
803 303 1082 366 PLEONASMO

201 492 302 568 esset,
327 479 468 573 perinde
487 487 574 566 erat,
599 501 721 546 nomen
735 478 864 569 ipsum,
890 496 933 544 an
953 496 1142 567 pronomen
1159 462 1312 564 ponere-

132 595 192 656 121
201 600 265 660 tur.
316 583 548 680 Ἀλέξανδρος
566 581 748 654 Φιλίππου
764 590 813 649 est
824 580 1031 648 Alexander
1044 578 1214 670 Philippi,
1239 599 1312 645 non

80 722 84 733 ’
197 692 291 758 altus
310 687 516 778 cuiuspiam.
566 679 802 781 Ἀλέξανδρος
816 681 837 756 o‘
853 681 1036 756 Φιλίππου
1053 704 1158 770 quum
1173 681 1310 765 dicitnr,

196 795 308 885 primo
336 789 529 880 simpliciter
556 789 745 854 nominatur
773 784 984 869 Alexander,
1019 784 1160 869 deinde,
1192 792 1231 850 ut
1263 784 1309 854 ab

196 897 268 963 aliis
288 893 523 983 distinguatur,
548 889 720 974 adiicitur,
747 889 807 956 ille
831 886 1009 979 Philippi,
1035 887 1131 977 quod
1154 910 1236 955 num
1258 893 1310 955 est

196 997 309 1081 aliud,
341 1018 443 1085 quarn
473 995 499 1060 si
534 994 678 1083 repetito
708 992 842 1060 nomine
875 991 1023 1076 dicatur,
1059 986 1307 1086 Ἀλέξανδρος,

196 1097 428 1195 Ἀλέξανδρος
440 1094 649 1169 cottianae?

296 1200 457 1268 Eiusdem
471 1199 603 1289 generis
626 1221 696 1266 esse
712 1200 812 1266 etiam
825 1196 956 1286 reliqua
971 1204 1074 1286 puto,
1099 1218 1188 1285 quae
1206 1216 1309 1284 supra

195 1302 473 1381 commemoravi,
499 1302 567 1370 sive
592 1303 747 1372 articulus
769 1325 847 1371 cum
864 1299 1114 1390 praepositione
1136 1300 1307 1389 iungatur,

194 1418 232 1475 ut
252 1400 301 1478 eoi
315 1399 403 1503 προς
420 1397 600 1496 πόλεμον,
628 1411 664 1477 οἱ
688 1401 782 1499 ἀμφὶ
807 1397 1011 1486 Πλάτωνα,
1044 1403 1112 1469 sive
1137 1422 1216 1469 cum
1242 1400 1307 1469 ad-

194 1510 329 1594 verbio,
354 1519 391 1575 ut
413 1513 448 1578 οἱ
471 1508 573 1579 ἔνδον
583 1561 596 1595 ,
625 1500 764 1578 ὁποένο.
814 1507 903 1572 Nam
923 1506 958 1571 in
980 1503 1034 1571 his
1057 1526 1193 1592 quoqne
1208 1505 1309 1571 locu-

101 1674 104 1679 .
193 1612 338 1680 tionibus
362 1610 515 1678 articulus
538 1609 629 1676 initio
651 1631 839 1700 pronomen
857 1608 937 1692 luit,
964 1628 1032 1694 quo
1053 1630 1157 1695 quum
1179 1605 1308 1696 aliquid

76 1760 79 1768 ·
183 1716 491 1796 demonstraretur,
517 1712 695 1801 explicatio
719 1710 799 1778 addi
816 1721 939 1801 coepta
955 1719 1003 1778 est
1015 1733 1117 1797 quam
1136 1709 1212 1776 fieri
1222 1731 1308 1800 pos-

193 1830 243 1885 set
259 1816 470 1899 brevissime,
497 1837 528 1881 v.
544 1837 574 1883 c.
591 1821 647 1904 οἵ,
675 1810 770 1908 οἷμφὶ
786 1808 988 1885 Πλάτωνα·
1017 1820 1070 1892 οἵ,
1098 1813 1215 1885 ἔνδον.
1239 1813 1307 1895 iuti,

123 1934 130 1941 ’
193 1941 319 2011 nernpe
338 1919 436 1985 eirea
450 1916 656 1985 Platonem:
681 1917 737 2000 ln‘,
763 1938 888 2008 nempe
913 1917 1014 1987 intus.
1066 1916 1113 1983 Et
1131 1916 1309 1995 confirmat

193 2021 284 2090 hanc
301 2020 558 2110 explicationem
571 2019 689 2108 lingua
704 2018 923 2102 Germanica,
950 2019 1042 2085 cuius
1058 2026 1150 2085 tanta
1164 2029 1215 2087 est
1229 2042 1309 2089 cum

195 2125 329 2194 Graeco
348 2144 501 2193 sermone
527 2130 561 2188 et
582 2121 739 2212 cognatio
762 2131 796 2188 et
816 2120 1017 2206 similitudo,
1042 2131 1079 2188 nt
1099 2143 1164 2210 par
1184 2123 1307 2190 utilitas

195 2250 236 2297 ex
251 2249 366 2295 earum
382 2226 633 2314 comparatione
649 2224 694 2291 ad
708 2224 877 2314 utriusque
899 2223 1167 2314 explanationem
1180 2225 1310 2292 redun-

195 2330 263 2398 d'et.
314 2330 384 2396 Nos
397 2329 498 2419 igitur
511 2329 603 2394 nulla
616 2349 755 2418 prorsus
768 2349 845 2396 curn
866 2326 977 2418 ellipsi
990 2326 1145 2413 dicimus,
1173 2328 1234 2397 die
1246 2328 1310 2396 mit

195 2434 279 2502 dem
293 2432 419 2516 Plato,
447 2431 506 2498 die
520 2452 587 2498 von
602 2431 670 2497 der
682 2427 948 2522 ditrgeruclrafl‚
963 2430 1085 2498 dicim
1100 2429 1224 2517 house,
1240 2430 1308 2499 der

196 2537 246 2605 im
261 2534 421 2619 himmel,
446 2533 591 2615 die-am
610 2555 744 2617 meere,
770 2533 830 2600 die
849 2531 963 2601 linter
987 2533 1071 2601 dem
1092 2530 1221 2627 berge,
1247 2535 1308 2603 die

161 2694 166 2705 .
197 2639 361 2722 ἀνὶοοονι,
402 2636 462 2705 die
490 2633 594 2703 oden:
627 2636 707 2722 quin
742 2635 859 2720 etiam,
901 2635 994 2725 quod
1021 2636 1149 2727 pariter
1180 2637 1308 2707 faciunt

197 2741 340 2824 Graeci,
367 2761 445 2808 cum
464 2738 681 2807 substantivo:
711 2737 779 2804 der
801 2737 886 2804 her
907 2739 955 2806 im
978 2738 1107 2826 house,
1133 2740 1205 2810 dae
1228 2739 1307 2809 volt

196 2845 233 2912 in
252 2841 319 2908 det
343 2841 459 2925 stadt,
486 2840 554 2907 der
576 2862 683 2906 mann
702 2840 766 2907 mit
785 2841 851 2908 der
877 2841 999 2926 lanzo,
1033 2842 1092 2910 die
1114 2865 1221 2912 sonae
1245 2866 1307 2912 um

197 2936 357 3027 himmel,
383 2940 570 3036 diefiselre
585 2943 633 3010 im
656 2965 805 3028 wasser,
832 2944 988 3013 diescat
1004 2943 1077 3037 uus
1092 2946 1175 3014 dem
1186 2945 1306 3039 felde.

126 3056 193 3118 122
200 3047 320 3117 Obiter
340 3045 397 3115 hie
416 3047 552 3111 illorum
568 3046 755 3113 notabimus
771 3069 937 3132 errorem,
963 3048 1163 3137 quiahoc,
1191 3043 1307 3122 ὁποῖ-

196 3177 258 3230 νο,
286 3149 421 3239 ellipsin
441 3149 743 3216 comminiseuntur.
794 3151 848 3219 Ac
867 3151 987 3218 Bosius
1009 3174 1113 3239 quum
1133 3146 1305 3247 περιβόη-

196 3280 258 3334 τος
277 3251 535 3343 intelligendum
559 3261 710 3342 putaret,
750 3252 953 3322 Schaeferus
984 3254 1105 3323 rectius
1135 3278 1156 3320 a
1177 3255 1307 3322 Zeunio

196 3353 432 3449 περίβλεπτος
448 3356 504 3422 vel
529 3356 668 3437 ἔνδοξος
692 3357 844 3424 substitui
868 3357 998 3442 dicens,
1023 3379 1091 3424 non
1117 3366 1231 3424 tamen
1250 3381 1307 3426 rc-

194 3466 424 3549 pugnaturum
444 3481 479 3525 se
501 3458 642 3542 indicat,
676 3459 702 3525 si
734 3460 807 3547 quis
831 3459 915 3526 nihil
943 3483 1079 3551 prorsus
1104 3460 1308 3529 subaudien-

196 3560 280 3628 dum
303 3560 473 3627 existimet.
524 3560 567 3627 ld
588 3561 712 3628 vellem
734 3562 954 3630 confidentius
976 3563 1124 3649 dixisset,
1150 3563 1308 3652 quando-

195 3663 333 3753 quidem
352 3663 482 3733 locutio
500 3665 563 3731 ista
585 3686 654 3730 non
675 3664 772 3732 aliter
793 3675 986 3754 usurpatur,
1011 3689 1115 3756 quam
1141 3675 1179 3734 ut
1211 3659 1306 3738 πάνυ

194 3766 241 3834 ad
255 3767 367 3856 ipsum
380 3765 466 3833 illud
480 3788 621 3850 nomen,
651 3767 706 3836 cni
721 3767 873 3836 additum
888 3778 954 3855 est,
981 3778 1121 3859 spectet.
1171 3769 1307 3837 Etenim

197 3866 219 3940 o‘
233 3867 328 3940 ποίνο
344 3869 522 3966 Περικλῆς
542 3877 591 3937 est
604 3871 649 3952 is,
676 3871 735 3958 qui
747 3894 786 3938 re
801 3893 889 3939 vera·
902 3893 942 3939 ac
956 3873 1059 3963 plane
1081 3871 1229 3958 Pericles
1247 3881 1307 3956 est,

194 3969 320 4055 idest,
353 3973 517 4062 genuinus
537 3971 702 4057 Pericles,
735 3995 804 4039 non
824 3975 954 4064 spurius
976 3975 1158 4067 quispiam,
1197 3995 1308 4063 eoque

92 4069 95 4074 ’
194 4074 329 4140 nomine
342 4074 509 4165 indignus.
560 4075 613 4142 Ex
634 4097 704 4164 quo
725 4086 881 4167 apertum
900 4088 964 4165 est,
990 4102 1037 4149 ne
1054 4101 1155 4170 posse
1168 4078 1308 4168 quidem

196 4174 256 4245 hic
270 4177 471 4279 adiectivum
486 4177 639 4267 intelligi
1311 4252 1322 4283 1

296 4281 508 4372 Attingamus
524 4302 613 4350 nnnc
637 4279 760 4369 alium,
785 4304 928 4375 eumque
950 4285 1157 4355 uberrimum
1177 4284 1308 4357 fontem
