2826 4904
291 302 350 365 ca
371 297 589 399 caracae
609 300 819 367 nrnevaa
839 286 1101 367 omiseris.
1186 307 1248 371 ιιι

137 473 228 545 adeo
252 475 441 565 antiquum,
480 485 519 545 ut
552 475 645 544 initio
674 475 845 547 universae
873 474 1038 547 Graeciae
1064 474 1249 547 communis

136 578 413 649 fuisse-videatur.
467 577 561 663 Quid
576 600 661 670 ergo
681 580 819 664 mirum,
844 578 872 646 si
887 578 977 650 hanc
990 579 1135 647 litteram
1148 579 1249 647 etiam

135 684 237 750 lones
253 680 483 770 antiquissimis
494 683 703 773 temporibus
717 683 933 773 usurpabant,
957 683 1069 751 donec
1088 703 1130 750 ea
1149 680 1251 772 paui·

136 785 233 854 latim
252 807 295 854 ex
317 807 379 852 usu
398 792 433 852 et
452 805 514 853 ore
534 783 711 854 hominum
727 784 933 876 emigraret?
956 784 1052 854 Nihil
1067 783 1149 856 huic
1165 807 1251 854 cou-

136 889 285 957 iectmae
300 887 497 956 nisincmeu
513 889 633 956 obstat
685 890 732 956 At
750 889 825 976 quis
846 910 915 956 non
928 887 1029 974 videt,
1055 910 1159 977 quum
1174 888 1250 955 Do-

135 991 260 1059 rieuscs
273 989 374 1059 rudes
390 999 498 1059 essent
510 991 710 1074 litterarum,
735 991 761 1058 ii
779 1000 909 1075 autem,
934 991 993 1080 qni
1005 990 1136 1059 louiam
1148 999 1182 1058 et
1196 990 1250 1057 iu-

136 1094 227 1162 sulas
249 1094 407 1164 Aeolicus
428 1093 605 1178 tenebant,
633 1093 736 1186 primi
757 1093 802 1161 ad
821 1102 907 1161 artes
920 1102 955 1162 et
970 1093 1090 1185 poesin
1104 1093 1251 1160 animum

136 1196 339 1281 adiicerent,
372 1218 498 1265 nomeu
515 1195 647 1265 litterae
670 1196 833 1267 Aeolicae
853 1218 922 1264 uon
947 1196 992 1264 ad
1015 1217 1150 1281 sonum,
1190 1193 1252 1262 sed

137 1298 182 1368 ad
205 1300 313 1366 solam
335 1308 492 1390 spectare
515 1308 648 1384 notam,
674 1321 742 1388 qua
758 1299 883 1368 Aeoles
904 1320 1022 1368 sonum
1043 1298 1087 1366 ab
1110 1297 1250 1386 antiquis

137 1411 318 1492 acceptum
341 1401 519 1472 scribendo
541 1401 766 1472 indicaverint.
816 1402 995 1471 Dorienses
1015 1401 1151 1493 siprius
1167 1402 1280 1471 scri-b

134 1505 204 1597 ptis
217 1505 455 1590 inclamisscnt,
480 1505 607 1574 Dorica
626 1514 747 1574 vocata
762 1514 848 1573 esset
865 1505 993 1590 littera,
1019 1526 1087 1592 qua
1101 1502 1252 1573 Arcades

138 1603 240 1676 etiam
255 1618 332 1676 ante
344 1618 457 1676 natam
471 1608 507 1676 iu
521 1609 618 1678 caelo
634 1609 750 1676 lunam
764 1610 814 1675 usi
833 1608 973 1676 fueraut.
1023 1607 1133 1697 Igitur
1147 1627 1252 1693 quum

137 1711 202 1778 soli
224 1713 408 1779 Aeolenses
435 1710 609 1802 digamma
623 1711 784 1803 singulari
808 1720 888 1778 uota
904 1709 1110 1792 indicarent,
1134 1706 1254 1796 reliqui

138 1813 280 1900 Graeci,
307 1813 400 1905 apud
418 1837 502 1903 quos
515 1813 603 1881 baec
627 1823 708 1881 ncta
727 1836 797 1880 non
819 1821 891 1880 erat
909 1813 944 1881 in
959 1835 1037 1896 usu,
1063 1811 1145 1880 alias
1160 1810 1253 1878 litte-

136 1939 209 2001 ras,
250 1917 310 1985 ubi
340 1917 514 2008 digamma
536 1915 751 1985 scribendum
776 1925 877 2001 esset,
923 1916 1142 1985 adhibebant.
1203 1914 1252 1982 Et

136 2042 242 2107 quum
258 2020 431 2112 digamma
449 2020 589 2111 proprie
611 2019 739 2110 triplici
760 2042 843 2088 sono
857 2018 1079 2111 significando
1099 2016 1253 2085 rideatur

136 2123 332 2209 inseruisse,
365 2125 422 2191 uni
440 2123 577 2207 labiali,
608 2123 668 2210 qui
686 2122 780 2212 apud
800 2123 921 2190 latinos
940 2149 963 2193 o
972 2176 986 2211 ,
1022 2118 1115 2211 apud
1136 2139 1198 2185 uos
1219 2139 1254 2184 w

135 2234 204 2303 est3
237 2225 309 2308 alii,
342 2226 400 2312 qui
424 2248 513 2315 pene
534 2225 580 2290 ad
600 2225 755 2293 vocalem
777 2246 802 2291 u
823 2223 975 2306 accedit,
1007 2231 1044 2288 ut
1073 2220 1254 2288 Britanno-

132 2349 215 2394 rum
234 2347 286 2403 w‚·
310 2327 408 2393 tertio
424 2325 604 2417 gutturali‚
630 2324 689 2413 qui
704 2347 792 2394 nunc
805 2326 953 2415 asperior
975 2334 1008 2392 et
1028 2323 1163 2414 plenior
1183 2329 1255 2389 erat

137 2451 243 2518 (luam
266 2456 306 2518 χ,
341 2451 430 2498 nunc
448 2426 701 2519 propemodum
721 2437 758 2494 ut
777 2449 832 2519 gc
853 2428 907 2494 vel
929 2449 984 2519 ag
1002 2425 1254 2518 proferebatur:

137 2532 176 2600 hi
199 2532 290 2617 soni,
317 2532 424 2621 etqui
446 2532 541 2599 exiis
561 2530 625 2597 orti
641 2538 732 2614 sunt,
757 2535 879 2622 μοιβ,
904 2553 1022 2620 pero,
1047 2550 1165 2619 pero,
1191 2548 1255 2619 per

138 2664 170 2730 y,
195 2657 260 2726 per
281 2636 436 2725 spiritum
460 2656 635 2724 asperum,
665 2654 763 2722 perc
771 2687 784 2721 ,
810 2655 875 2722 per
889 2659 931 2728 ρ,
959 2640 993 2701 et
1013 2631 1107 2724 apud
1123 2632 1255 2699 Roma-

139 2761 200 2806 nos
224 2761 289 2828 per
310 2760 356 2829 qn
374 2737 616 2806 indicabantur.
667 2735 722 2803 Dc
743 2736 858 2802 litteris
877 2743 922 2827 β,
948 2762 991 2824 v,
1017 2763 1059 2827 y,
1086 2743 1119 2802 et
1138 2735 1255 2825 spiritu

139 2863 259 2932 aspero
284 2840 376 2932 apud
404 2863 520 2908 omnes
540 2847 678 2911 constat.
732 2837 801 2908 Cur
814 2839 961 2927 reliquas
976 2836 1177 2920 addiderim,
1201 2837 1255 2903 in-

138 2944 312 3035 telligent,
343 2944 402 3033 qui
423 2943 545 3011 similia
573 2942 868 3027 consideraverint,
900 2951 937 3009 ut
959 2937 1071 3031 ciacc,
1105 2931 1253 3019 Ὀϊλεύς,

138 3048 299 3136 Μοῦσα,
333 3068 524 3131 aurarum,
562 3045 660 3136 quoi,
692 3067 813 3138 pann:
844 3047 880 3113 iu
901 3045 1022 3133 quibua
1039 3043 1188 3113 vocibus
1201 3041 1255 3108 di-

138 3150 269 3242 gummi
278 3151 419 3240 vestigia
440 3149 593 3241 aperiunt
607 3148 675 3216 hae
689 3150 830 3230 formae,
855 3149 964 3231 viera,
989 3139 1112 3233 Ἰλεύς,
1139 3139 1255 3230 Mcici,

140 3247 307 3346 αὐρᾶων,
334 3252 391 3341 οἶ,
418 3257 445 3324 i'.
498 3249 669 3335 Quoniam
690 3250 828 3341 genitivi
856 3269 1031 3316 acrarum
1053 3245 1257 3312 mentionem

138 3354 226 3440 feci,
256 3355 315 3442 qui
329 3355 506 3423 manifesto
523 3352 692 3420 Graecam
716 3352 883 3442 originem
903 3349 1028 3432 habet,
1053 3370 1122 3415 non
1141 3347 1257 3415 abste

139 3480 212 3526 esse
234 3468 338 3549 puto,
364 3457 465 3526 ctiam
485 3455 652 3524 secundae
671 3455 867 3540 Latinorum
883 3452 1113 3520 declinationis
1133 3451 1257 3543 geniti-

138 3582 221 3628 vum
234 3563 391 3653 tetigisse.
443 3560 512 3645 Qui
534 3581 639 3655 quum
658 3558 784 3628 indicio
805 3558 869 3642 sit,
893 3556 1127 3624 vetustissimos
1145 3554 1256 3622 Grae-

138 3685 199 3734 cos
221 3658 379 3762 or'noipnv
401 3671 436 3730 et
458 3663 580 3730 similia
603 3662 741 3746 dixisse,
776 3671 810 3728 et
832 3660 912 3729 inde
935 3653 1070 3732 or'aco'oo
1093 3665 1127 3725 et
1152 3658 1257 3727 cinca

139 3766 316 3853 exstitisse,
348 3766 506 3834 'dubitari
528 3767 672 3856 poterit,
703 3788 746 3832 an
766 3765 910 3832 Homeri
936 3756 1028 3836 inico
1058 3768 1092 3827 et
1114 3755 1259 3826 Hesiodi
1322 3764 1324 3771 '

139 3862 334 3965 βλεφάρων
347 3863 422 3941 cinci
431 3867 619 3942 accredas
627 3922 641 3955 ,
668 3877 702 3936 et
714 3890 802 3955 quae
817 3867 943 3936 borum
965 3864 1122 3952 exemplo
1138 3880 1259 3929 recen-

138 3974 243 4040 tiores
259 3982 383 4062 poetae
401 3972 585 4055 finxerunt,
611 3971 688 4037 solis
705 3969 891 4038 debeantur
906 3964 1140 4060 grammaticis.

243 4077 298 4143 Ex
332 4073 558 4161 antiquissima
590 4074 647 4140 illa
672 4074 881 4142 Graecorum
914 4074 1033 4162 lingua
1061 4065 1145 4136 duas
1168 4064 1258 4154 alias,

139 4177 303 4247 Doricam
329 4188 364 4245 et
384 4176 553 4260 ionicam,
585 4185 618 4242 et
638 4176 760 4244 harum
785 4200 826 4245 ex
845 4177 974 4244 Dorica
998 4171 1192 4257 Aeolicam,
1219 4193 1260 4241 ex

139 4280 427 4353 Ionica‘Atticam
448 4288 537 4347 ortas
559 4300 647 4367 esse,
673 4281 859 4349 communis
875 4287 923 4346 est
939 4274 1072 4368 opinio,
1098 4297 1162 4349 nec
1176 4275 1260 4344 falsa

983 4380 1002 4449 l
1028 4379 1051 4447 2
1176 4430 1180 4441 .
