2826 4904
88 352 93 367 ι
202 324 266 388 242
432 319 489 379 DE
517 315 782 380 ELLIPSIAET
802 314 1090 377 PLEONASMO

202 491 408 562 Favorinum
423 488 459 559 in
470 513 502 559 v.
516 488 703 584 μεμνέῳτο
718 496 752 556 ct
764 489 799 557 in
810 511 841 556 v.
850 481 1060 585 χρεώμενοι.
1079 482 1180 554 Vnde
1195 506 1314 573 quam·

203 596 252 664 vis
271 595 394 663 mirum
420 593 587 690 φοβῷτο,
613 591 709 681 quod
732 592 859 659 habent
880 590 1016 662 codices
1033 589 1103 657 duo
1123 587 1263 656 Stobaei
1281 587 1314 655 in

202 698 279 768 Ecl.
293 698 320 765 I.
336 695 371 764 8.
396 718 432 787 p.
448 693 534 762 214.
559 695 614 764 ed.
635 696 781 763 Heeren.
801 694 836 763 in
851 716 949 763 versu
968 691 1152 784 Sophoclis
1167 713 1211 760 ex
1226 689 1314 759 0ed.

203 801 247 868 R.
270 797 374 883 977.,
407 799 549 890 dignum
568 807 679 866 tamen
701 806 768 884 cst,
801 796 897 886 quod
918 795 1157 867 consideretur.
1215 793 1314 861 Eius-

126 983 127 986 *
202 903 285 971 dem
307 901 438 992 generis
462 911 538 969 suut
560 893 745 995 α’ναβιῴην
765 900 859 991 apud
877 897 1140 989 Aristophanem
1159 896 1196 964 in
1211 896 1314 964 Ranis

204 1028 235 1073 v.
256 1003 343 1072 177.
371 1014 670 1073 commemoratum
690 1004 899 1094 Etymologo
920 1004 955 1069 in
988 1025 1017 1068 v.
1043 994 1155 1097 βιῴην
1181 1006 1217 1066 et
1235 998 1314 1065 aliis

203 1107 441 1200 grammaticis,
467 1126 508 1174 ac
523 1099 659 1202 σαμνῴη
674 1107 767 1196 apud
782 1105 990 1195 Aeschylum
1003 1105 1037 1171 in
1049 1103 1172 1194 Suppl.
1189 1126 1221 1172 v.
1230 1100 1314 1169 223.

204 1210 299 1296 Quae
319 1210 446 1276 formas
466 1209 703 1292 Buttmaunu3‚
737 1232 868 1276 memor
888 1230 1004 1276 eorum
1025 1229 1114 1296 quae
1135 1205 1181 1273 de
1201 1204 1314 1273 formis

204 1312 335 1406 ριμοῖν,
362 1309 467 1408 ῥινῷ,
494 1304 602 1406 ῥιγῴη
629 1309 673 1376 ad
693 1310 842 1378 Platonis
862 1310 1028 1401 Gorgiam
1057 1309 1112 1377 ed.
1135 1307 1313 1376 Heindorf.

203 1437 240 1504 p.
258 1409 344 1480 528.
367 1422 400 1481 et
420 1413 455 1478 in
475 1413 653 1479 novissima
677 1412 823 1481 editione
844 1414 998 1483 Graecae
1019 1412 1262 1504 grammaticae
1279 1433 1312 1500 p.

205 1514 292 1584 241.
314 1515 489 1599 attulerat,
515 1515 635 1602 quibus
658 1515 740 1582 addi
762 1517 955 1607 exemplum
971 1516 1100 1602 formae
1121 1509 1231 1610 ῥιγῴη
1250 1535 1313 1605 po·

204 1626 271 1687 test
284 1640 326 1685 ex
339 1619 553 1708 Hippocrate
570 1616 662 1686 Sect.
682 1617 741 1684 IV.
763 1618 910 1712 Ρ.337,
938 1618 999 1691 33.
1022 1618 1077 1685 ed.
1099 1617 1231 1685 Gener.
1250 1617 1313 1685 sive

136 1717 242 1813 ²82p.
259 1720 302 1807 2,
317 1719 378 1788 39.
401 1719 454 1805 ed.
469 1718 585 1788 Mack.
606 1741 674 1787 non
689 1718 837 1788 debebat
852 1723 886 1788 iu
905 1722 1025 1789 eadem
1044 1722 1266 1812 grammatica
1280 1743 1312 1811 p.

204 1818 292 1892 252.
316 1822 414 1912 quod
437 1825 482 1889 ab
503 1823 742 1891 recentioribus
765 1823 995 1912 frequentatae
1016 1832 1108 1907 sunt,
1135 1822 1314 1890 deteriores

203 1948 337 1996 vocare.
394 1925 612 1993 Recentiores
636 1925 741 2009 euim,
773 1936 812 1995 ut
833 1928 931 2012 alibi,
961 1928 1008 1994 ita
1025 1925 1084 1996 hic
1104 1947 1243 2015 quoque
1261 1947 1315 1992 ra-

203 2030 295 2097 riora
317 2035 351 2095 et
371 2026 556 2114 antiquiora
582 2027 821 2116 praetulcnmt.
879 2029 1131 2114 Grammaticis,
1167 2028 1226 2117 qui
1253 2027 1315 2096 has

203 2131 331 2203 formas
350 2130 559 2219 improbant,
584 2128 780 2218 Phrynicho
800 2154 836 2223 p.
855 2127 940 2199 152.
966 2132 1126 2201 Th0mae
1145 2130 1314 2222 Magistro

202 2256 240 2327 p.
262 2228 348 2301 125.
373 2256 465 2322 seqq.
486 2231 638 2300 Moeridi
657 2255 693 2322 p.
716 2232 803 2301 117.
833 2244 969 2325 praeter
995 2233 1260 2327 lexicographos
1284 2244 1315 2303 et

203 2334 436 2420 Eustathium,
472 2337 604 2426 saepius
628 2359 743 2403 earum
773 2339 975 2407 mentionem
1005 2339 1186 2421 facienteS,
1228 2336 1315 2406 adde

203 2440 395 2531 Georgium
412 2438 632 2529 Lecapenum
652 2438 688 2504 in
709 2438 877 2510 Matthaei
901 2443 991 2510 lectt.
1014 2441 1130 2532 Mosq.
1145 2441 1213 2510 vol.
1233 2440 1259 2508 1.
1279 2464 1313 2532 p.

202 2539 265 2610 59.
290 2541 451 2610 Mansisse
464 2541 543 2610 illae
570 2541 758 2610 videnture
779 2543 904 2614 Dorica
919 2545 1054 2638 lingua,
1080 2532 1137 2614 cui
1149 2537 1242 2641 βιῷη
1255 2546 1315 2612 tri-
1356 2567 1359 2570 ·

169 2636 171 2640 ⁸
202 2646 275 2714 buit
299 2643 444 2715 eveteri
466 2644 688 2735 grammatico
719 2645 856 2732 SuidaS,
893 2642 1014 2740 βιώτω
1054 2646 1249 2715 Eustathius
1279 2670 1313 2738 p.

204 2745 325 2830 1418,
354 2747 413 2814 13.
439 2745 622 2814 Manifesto
643 2746 806 2816 Doricum
835 2756 884 2818 est
909 2752 1016 2822 dcdoiu
1034 2748 1128 2842 apud
1149 2749 1314 2819 Theocri-

200 2859 273 2917 tum
295 2849 418 2916 XXIX.
450 2844 485 2914 9.
535 2849 613 2916 Non
640 2848 704 2918 fuit
729 2859 842 2919 tamen
870 2853 1019 2924 διδῶναι
1051 2853 1197 2933 dictumt
1237 2851 1314 2922 vidie

173 2945 176 2949 ’
201 2950 416 3020 Eustathium
435 2971 471 3040 p.
494 2945 612 3036 1357,
635 2950 694 3018 18.
725 2952 770 3020 ad
792 2955 888 3021 Iliad.
912 2955 1036 3022 XXIV.
1058 2951 1146 3046 425.
1173 2956 1233 3024 ubi
1256 2960 1313 3030 δι-

202 3052 332 3127 δοῦναι
353 3062 403 3121 est
421 3053 597 3120 infinitivus
621 3054 743 3121 aorlsti.
800 3058 889 3124 Nam
913 3064 950 3124 nt
979 3060 1024 3125 ab
1049 3052 1174 3140 ἁλώω,
1205 3053 1311 3151 βιαία,

201 3150 320 3250 quotu,
354 3156 527 3247 legitimae
549 3157 679 3225 formae
699 3167 775 3225 sunt
799 3156 954 3244 ἁλῶναι,
988 3159 1141 3253 βιῶναι,
1167 3160 1313 3253 γνῶναι,

200 3260 247 3327 ita
263 3284 284 3327 a
298 3251 369 3333 δόω
386 3259 539 3351 legitima
554 3260 665 3328 forma
680 3270 729 3328 est
741 3261 877 3335 δοῦναι.
902 3264 977 3333 Nec
994 3262 1122 3333 dictum
1136 3263 1201 3349 fuit
1214 3257 1312 3360 ἄρα’-

171 3362 175 3369 ’
200 3387 334 3453 μεναι,
368 3363 428 3432 sed
450 3357 678 3458 αἱρόμμεναι,
716 3366 866 3456 agnitum
890 3367 983 3456 apud
1004 3356 1194 3434 Hesioduin
1216 3367 1253 3434 in
1271 3365 1313 3435 0.

202 3471 237 3530 ct
257 3464 300 3531 1).
323 3464 383 3532 22.
410 3464 680 3556 aMoschopulo
703 3478 794 3536 certe
813 3477 847 3534 ct
873 3469 907 3535 in
925 3469 1033 3536 lexico
1054 3470 1214 3536 Favorini
1234 3469 1269 3536 in
1283 3491 1313 3535 v.

200 3561 460 3664 ἁπαρέμφατα.
505 3567 608 3637 Cuius
633 3569 754 3636 similia
777 3580 852 3638 sunt
873 3566 1094 3664 ζευγνύμμεν
1109 3572 1208 3639 Iliad.
1222 3572 1313 3641 XVI

200 3663 287 3735 145.
313 3679 347 3737 et
369 3673 521 3764 ι”μμεναι
535 3671 609 3739 ΧΧ.
631 3667 717 3738 365.
735 3683 1036 3741 commemoratum
1048 3674 1261 3768 Etymologo
1278 3698 1313 3766 p.

17 3776 23 3805 ¹
156 3840 159 3851 y
198 3768 297 3856 467,
323 3772 384 3840 29.
411 3796 498 3862 quae
520 3795 589 3862 quo
612 3775 685 3842 iure
708 3776 898 3845 scribantur.
909 3775 1100 3870 ζευγνῦμεν
1119 3787 1153 3846 et
1177 3779 1313 3870 ἴμεναι,

199 3875 489 3962 quemadmodum
519 3886 612 3946 recte
641 3878 795 3947 scribitur
822 3877 955 3971 ἄμεναι
982 3879 1079 3947 Iliad.
1113 3881 1205 3950 XXI.
1233 3879 1314 3964 79,

199 3977 322 4048 nescio.
373 3980 433 4048 Ad
454 3979 591 4049 easdem
613 3979 687 4049 illas
713 3984 895 4051 verborum
915 3982 1057 4054 Doricus
1081 3983 1139 4054 vcl
1163 3983 1315 4074 antiquas

197 4130 401 4150 *-

117 4281 121 4285 ,
198 4211 290 4272 docta
304 4216 471 4299 disputatio
488 4217 663 4278 Buttmanni
679 4219 710 4277 in
728 4217 898 4302 Epimctro,
919 4221 1001 4300 quod
1017 4220 1317 4286 dissmtiom'mcac
1368 4282 1371 4287 .

198 4297 308 4362 adiecit
319 4301 353 4363 in
373 4324 476 4366 museo
490 4304 585 4386 antiq.
605 4305 686 4370 stud.
699 4325 731 4387 p.
745 4307 939 4376 235-260.
