2826 4904
150 406 153 413 .
177 356 328 421 sexos..
341 356 554 422 rmoumco
575 355 758 420 svcvsro
778 355 917 420 nonan
935 355 1098 419 menn.
1139 360 1205 424 ssu
1351 390 1355 399 ·
1385 318 1390 329 ⁶

88 532 211 620 Neque
232 530 268 597 in
287 528 349 596 illo
370 535 533 596 terrarum
552 529 677 621 spatio,
710 526 806 618 quod
826 528 900 620 ipse
919 529 1086 619 possidet,
1119 553 1204 600 con-

89 637 207 703 sistere
221 632 325 702 debet
340 632 410 700 eius
424 631 575 719 scienda,
605 631 665 700 sed
683 633 768 700 alios
782 654 919 720 quoque
941 634 1091 725 populos
1107 656 1205 703 com-

29 823 32 828 ,
88 739 257 831 plectatur
278 741 432 826 oportet,
463 758 573 825 neque
594 736 704 803 solum
723 759 802 829 eos,
833 753 979 825 qnorum
1003 737 1123 807 vicinia
1150 739 1205 807 vel
1239 772 1248 791 κ

88 840 265 909 utilitatem
285 838 469 930 promittit,
508 838 564 906 vel
589 832 761 907 damnum'
771 839 934 923 minatur,
971 839 1033 908 sed
1053 850 1205 909 caeteros

88 964 246 1035 quoque,
278 966 299 1009 a
317 943 439 1032 quibus
459 942 739 1013 commerciorum
758 943 996 1014 communitate
1007 945 1062 1013 vel
1085 944 1205 1013 artium

87 1049 341 1165 litterarumque
376 1045 587 1114 incrementis
623 1047 742 1136 aliquis
768 1047 899 1118 fructus
922 1047 1061 1139 percipi
1088 1049 1204 1138 possit

88 1150 267 1220 Amicitiae
298 1148 331 1216 ei
359 1149 527 1217 tenendae
551 1159 627 1217 sunt
657 1150 828 1244 gentium,
867 1159 970 1238 atque
996 1149 1206 1230 inimicitiae,

88 1252 231 1327 foedera
243 1251 432 1335 discenda,
467 1274 651 1342 eorumque
673 1252 852 1322 foederum
878 1252 1006 1339 fontes,
1040 1261 1075 1322 et
1094 1254 1206 1323 factae

88 1355 157 1424 iam
179 1377 221 1426 ac
241 1355 375 1423 futurae
395 1354 641 1424 vicissitudines.
693 1358 768 1427 Nec
788 1356 998 1449 negligenda
1017 1357 1049 1425 ei
1073 1356 1206 1425 est-hu-

88 1481 209 1527 manae
228 1467 367 1526 naturae
383 1458 551 1551 negritia,
577 1460 637 1548 qui
655 1461 849 1551 perspicere
864 1460 1008 1546 debeat,
1034 1481 1112 1529 cum
1127 1460 1205 1549 qui-

87 1563 151 1630 bus
171 1561 340 1652 quidque,
374 1570 408 1629 et
438 1584 503 1654 per
522 1585 608 1652 quos
627 1572 766 1656 agatur:
797 1563 856 1653 qui
875 1564 948 1631 aliis
973 1563 1099 1652 fidere,
1131 1563 1205 1630 aliis

88 1665 262 1746 diffidere:
298 1672 407 1734 tectus
432 1688 515 1756 erga
535 1689 668 1751 omnes,
701 1666 865 1733 obnoxius
892 1665 1018 1733 nemini
1047 1689 1119 1735 esse
1140 1664 1205 1732 de-

88 1769 177 1837 beat.
228 1766 286 1836 Ad
300 1766 363 1835 has
382 1776 488 1835 tantm
503 1776 643 1857 tamque
657 1768 726 1837 late
741 1768 880 1836 diffusas
900 1777 987 1836 artes
1004 1791 1083 1865 aere
1096 1789 1204 1858 opor-

88 1879 137 1939 tet
159 1870 320 1940 iudicium
337 1869 496 1957 accedat,
521 1880 557 1939 et
573 1870 741 1940 indefessa
760 1872 953 1964 vigilantia,
977 1872 1096 1961 siquis
1118 1895 1204 1963 pru·

84 1973 171 2058 dens
192 1974 316 2066 populi
340 1974 547 2065 gnbemator
571 1975 796 2066 appellandus
824 1976 875 2044 sit.
925 1977 1014 2043 Nam
1029 1974 1205 2064 quomad-

87 2076 230 2145 modmn
245 2078 348 2145 etiam
366 2077 426 2166 qui
439 2099 571 2147 summo
597 2079 734 2172 ingenio
748 2079 920 2171 praeditus
941 2088 1007 2163 est,
1036 2080 1063 2148 si
1086 2080 1119 2147 ei
1141 2079 1205 2145 de-
1231 2098 1236 2107 ·

88 2180 129 2247 sit
153 2179 288 2248 illarum
308 2203 422 2248 rernm
442 2204 525 2271 quas
543 2183 649 2250 modo
673 2183 865 2252 enumeravi
885 2183 1056 2273 cognitio,
1082 2203 1205 2273 parum

87 2282 229 2352 idoneus
250 2290 300 2351 est
319 2285 528 2375 populorum
557 2294 689 2374 rector,
728 2289 787 2375 qni
806 2285 958 2375 quamvis
981 2284 1096 2376 cupiat
1118 2306 1203 2376 pro-

88 2385 186 2456 desse
209 2386 353 2473 civibus,
378 2390 571 2475 materiam,
597 2412 665 2478 qua
687 2390 813 2482 prosit,
840 2397 897 2457 aut
914 2389 1043 2456 nullam
1066 2387 1203 2473 habeat,

87 2497 145 2557 ant
164 2489 315 2580 ineptam
335 2491 457 2584 eliget,
491 2500 549 2561 aut
570 2492 714 2562 aliorum
733 2491 854 2561 frande
873 2492 930 2561 vel
949 2492 1076 2561 inscitia
1103 2491 1203 2559 obla-

89 2600 159 2660 tam
188 2594 429 2685 amplectatur:
469 2596 516 2664 ita
546 2597 648 2665 etiam
671 2598 730 2686 qui
753 2595 866 2664 omnia
888 2595 951 2663 ista
975 2604 1082 2680 tenet,
1115 2617 1205 2683 quae

87 2695 309 2766 fundamenta
341 2707 417 2766 suut
433 2697 613 2788 fontesque
642 2701 748 2771 civilis
774 2697 992 2791 prudentiae,
1025 2696 1204 2790 siingenii

87 2797 269 2868 dexteritas
293 2801 398 2887 absi,
430 2811 488 2869 aut
510 2802 617 2893 nihil,
649 2803 746 2894 quod
772 2803 856 2871 utile
880 2803 922 2871 sit
940 2811 976 2871 et
995 2804 1205 2873 fructuosum

90 2901 235 2987 civibus,
259 2903 401 2989 efficiet,
427 2914 485 2973 ant
503 2929 664 2997 perverso
678 2931 741 2976 usn
756 2929 822 2998 pro
835 2907 1020 2976 commodo
1032 2907 1204 2995 damnum,

88 3025 154 3096 pm
182 3007 288 3074 salute
308 3008 494 3096 perniciem
515 3011 639 3080 inferet
660 3012 876 3104 reipublicae.
927 3011 1065 3102 indiget
1091 3019 1205 3079 autem

87 3105 177 3181 haec
197 3129 277 3198 pars
302 3110 524 3201 prudentiae,
556 3116 708 3202 quaein
736 3115 862 3184 iudicio
882 3123 932 3182 est
963 3122 997 3182 et
1024 3112 1203 3183 utilitatum

87 3210 342 3302 comparatione
375 3213 501 3302 posita,
542 3216 649 3282 multa
686 3215 877 3306 diligentia,
930 3215 1040 3282 multo
1071 3214 1202 3298 labore,

87 3315 199 3384 multis
220 3312 307 3383 curis
327 3334 369 3383 ac
384 3313 679 3384 sollicitudinibus:
704 3340 809 3407 quare
830 3316 939 3385 maior
959 3325 1008 3384 est
1023 3326 1125 3405 atque
1143 3339 1203 3384 er-
1305 3394 1315 3407 ,

88 3417 266 3487 cellentior
288 3417 353 3485 illis
379 3416 571 3505 virtutibus,
614 3443 719 3509 qnae,
751 3418 797 3487 ad
823 3420 974 3511 speciem
993 3419 1202 3512 insigniores,

87 3542 155 3591 nec
168 3529 300 3590 tantum
319 3521 501 3592 molestiae
514 3523 704 3613 requirunt,
730 3531 764 3594 et
782 3523 1009 3593 remissionem
1027 3523 1205 3592 admittunt

25 3640 31 3651 “
87 3624 363 3714 frequentiorem.
413 3625 548 3697 Audaci
569 3628 661 3698 facto
687 3651 755 3697 una
776 3626 864 3695 hora
884 3628 1034 3696 omnium
1057 3628 1120 3696 tibi
1139 3649 1206 3718 pe-

87 3728 218 3820 pereris
235 3727 506 3800 admirationem:
530 3731 734 3823 prudentem
753 3731 1069 3801 administrationem
1086 3730 1204 3822 reipn-
1313 3730 1315 3734 ’

88 3831 333 3924 plicaepauci
359 3845 563 3926 agnoscunt,
595 3837 756 3927 plerique·
772 3859 817 3904 ne
840 3834 1105 3905 animadvertunt
1126 3835 1205 3923 qui-

84 3934 191 4021 dem,
208 3936 322 4005 multi
345 3938 455 4008 etiam·
474 3937 739 4030 reprehendunt
798 3939 990 4009 Porcellum
1019 3938 1108 4007 enim
1131 3937 1205 4005 ani·

87 4059 183 4124 mos,
196 4056 297 4128 'quae
320 4040 501 4112 insolenter
527 4044 629 4128 liunt,
663 4043 755 4111 bona
774 4030 909 4134 paritor
930 4063 974 4112 ac
995 4044 1102 4126 mala,
1135 4039 1204 4108 ho-

88 4150 184 4211 nesta
205 4164 314 4233 aequo
335 4165 377 4214 ac
397 4146 525 4237 turpia:
556 4147 617 4215 sed
635 4146 848 4234 delitescmrt‚
874 4169 962 4236 quae
977 4154 1134 4237 tempore
1150 4144 1204 4213 in-

89 4244 229 4339 digent:
253 4249 393 4317 sirecte
416 4250 517 4335 fiunt,
542 4249 637 4339 quod
657 4272 726 4318 non
748 4250 914 4319 ridentur
934 4250 1030 4319 aliter
1046 4250 1121 4341 gari
1138 4248 1205 4317 de-

90 4349 192 4432 bere:
215 4349 387 4439 annuale,
410 4353 506 4445 quod
521 4353 686 4439 damnum
704 4376 774 4427 uon
792 4361 845 4426 cat
859 4354 1091 4449 conspicuum
1139 4355 1206 4424 At·-
