2826 4904
220 331 541 394 olssnnntnlo
572 331 630 394 DE
661 330 947 396 Pnouorssnn
967 334 1144 398 Atrox
1185 332 1250 398 8⁰9

123 495 282 572 ¹manime
304 504 349 572 de
368 503 430 571 ista
452 527 490 572 re
514 505 607 594 loqui
633 505 798 574 ostendat
848 504 939 574 Hino
959 504 1137 596 primarius
1157 503 1298 576 istiusfl

134 607 342 697 pronominis
355 630 430 674 usus
443 607 478 673 in
492 630 534 675 eo
545 618 703 696 versatur,
728 617 766 677 ut
780 631 854 676 rem
864 611 908 677 nb
924 608 995 677 eliis
1009 608 1109 675 rebus
1124 606 1252 677 discer-

135 710 283 778 nendam
301 733 372 778 esse
390 709 524 780 iudicet
574 711 693 799 ltaque
713 711 791 802 ipse
809 713 1004 803 oppositum
1017 710 1122 779 habet
1135 710 1250 777 ulium.

135 814 204 881 ista
225 835 307 882 vero
331 812 488 881 diseretio
509 822 560 881 tot
581 814 692 882 modis
716 813 789 880 fieri
813 823 942 904 potest,
967 823 1005 883 ut
1017 815 1121 903 aliqui
1133 834 1252 881 eorum

134 939 225 1009 pene
254 917 316 985 sibi
347 925 548 1006 repugnent.
605 917 655 985 Vt
680 916 774 1004 quod
797 916 1048 1009 Polyphemus,
1079 938 1184 1006 quum
1206 915 1251 984 nb

135 1019 255 1190 ghysse
275 1027 471 1188 exepepptus
493 1026 596 1105 esset,
630 1019 675 1088 de
694 1027 792 1112 petre
816 1041 878 1093 suo
902 1022 1062 1114 Neptuno
1078 1018 1253 1112 praedicat
1361 1022 1376 1032 ”

193 1145 258 1212 yss.
289 1151 314 1209 ρ.
418 1171 427 1188 .

236 1253 351 1339 αὐτός
371 1253 420 1342 δ’,
447 1253 521 1330 αἴκ’
536 1255 694 1354 tute'tpo',
716 1252 876 1349 ἰήσεται,
904 1234 992 1334 αῠδέ
1005 1283 1060 1340 τις
1074 1255 1199 1359 ἅλλοςε

135 1391 231 1481 quod
251 1392 345 1462 idem
368 1401 436 1484 est,
469 1413 511 1461 oe
540 1393 568 1461 si
593 1378 729 1465 dinisset
745 1395 808 1466 'hie
827 1395 932 1466 soluo.
989 1394 1083 1466 Illud
1104 1390 1253 1466 Lucretii

135 1517 313 1690 vero’ipse
336 1595 517 1692 opicum
539 1596 628 1700 obit,
650 1599 806 1679 ,deerret
823 1601 953 1671 lumine
974 1599 1087 1686 vitoe,
1138 1669 1140 1674 .

135 1735 184 1803 sie
203 1744 252 1803 est
266 1735 412 1815 dictum,
438 1745 477 1802 ut
491 1759 560 1802 non
574 1736 663 1803 solus
676 1735 861 1824 Epicurus,
887 1734 947 1805 sed
960 1733 1019 1807 hic
1033 1733 1159 1826 pariter
1172 1753 1252 1803 oum

135 1836 328 1905 hominibus
355 1840 508 1906 omnibus
537 1836 753 1928 significetur.
812 1838 918 1928 Atqui
947 1837 1018 1910 hoo
1048 1832 1197 1927 quoque
1215 1836 1251 1904 in

136 1963 231 2009 versu
252 1942 437 2032 Epicurus,
469 1950 507 2009 nt
539 1941 615 2010 istic
630 1940 836 2032 Neptunus,
878 1942 923 2009 eb
948 1942 1020 2011 aliis
1042 1941 1250 2025 discernitur,

136 2045 196 2112 sed
210 2045 277 2111 aiio
291 2045 409 2118 modo,
460 2043 542 2112 Hoc
555 2042 644 2113 enim
657 2043 742 2112 dicit
756 2043 949 2130 Lucretius,
974 2045 1062 2137 quid
1074 2045 1164 2113 altos
1175 2064 1251 2110 me·
1302 2101 1304 2103 .

134 2168 289 2231 morern,
316 2169 423 2238 quum
441 2147 622 2238 Epicuron
640 2141 794 2215 obierit?
824 2148 1011 2236 Persequar
1033 2168 1141 2232 nuno,
1163 2167 1251 2234 quae

134 2249 170 2315 in
198 2247 270 2316 hoe
298 2272 442 2340 genere,
483 2249 578 2337 quod
604 2249 639 2314 in
671 2245 834 2339 plurimas
861 2259 973 2341 portes
1004 2247 1164 2321 diffusum
1190 2255 1251 2332 est,

135 2351 320 2442 praecipua
350 2351 579 2441 reperiuntur,
619 2349 667 2418 itu
688 2351 846 2440 quidem,
883 2361 921 2420 ut
942 2352 978 2422 in
1003 2352 1076 2427 solo
1096 2352 1251 2421 Homero

136 2454 334 2539 consistam,
366 2454 426 2544 qui
445 2453 548 2543 quod
560 2453 673 2544 prima
693 2454 789 2544 quasi
807 2455 947 2536 stamina
969 2454 1138 2541 continet,
1160 2446 1270 2520 unde

136 2557 243 2624 omnis
256 2555 411 2626 contexta
428 2567 478 2625 est
494 2558 705 2626 Graecorum
723 2558 850 2643 oratio,
875 2558 910 2626 in
922 2557 1116 2625 huiusmodi
1132 2556 1251 2652 dispu-

134 2661 313 2731 tationibus
328 2661 480 2732 omnibus
495 2661 643 2753 primum
658 2660 761 2744 debet
781 2661 897 2734 locum
921 2661 1083 2744 optinere.

668 2920 712 2988 ll.

340 3043 450 3127 Αὐτὸς
483 3052 580 3114 variis
615 3051 867 3142 distinctionibus
903 3037 1050 3115 tuerent..

236 3208 446 3297 deprimo,
472 3212 577 3296 quum
600 3209 674 3296 quis
694 3210 772 3301 ipse
793 3209 931 3292 dieitur,
956 3203 1174 3282 nunoauima
1196 3203 1250 3270 in-

135 3308 246 3399 telligi
269 3319 395 3399 potest,
421 3312 552 3377 secluso
571 3332 733 3399 corpore:
757 3311 851 3381 euius
867 3309 1005 3398 quidem
1020 3306 1154 3398 generis
1172 3306 1249 3371 nul-

105 3458 108 3461 *
134 3412 206 3477 lum
226 3421 331 3478 exstat
351 3413 385 3478 in
402 3413 585 3491 Homerios
598 3411 696 3502 poesi
711 3413 924 3504 exemplum,
944 3410 1006 3479 sed
1029 3432 1096 3480 nou
1111 3422 1249 3502 prorsus
1340 3442 1343 3447 ·

134 3523 248 3582 tamen
268 3514 425 3583 dissimile
445 3525 499 3583 est·
511 3515 599 3583 illud
622 3513 743 3605 Odyss.
757 3519 787 3587 λ.
801 3511 896 3583 doh

237 3644 304 3724 τόα
327 3649 366 3724 δὲ
379 3612 467 3745 μέτ’
493 3644 674 3749 εἰςενόησα
692 3650 774 3749 βίην
791 3646 1064 3749 Ἡρακληείην),
1165 3630 1169 3636 .

155 3747 158 3751 ’
239 3755 405 3827 εἴδωλον·
431 3746 541 3834 αὐτοὶ
563 3754 602 3826 δὲ
624 3750 712 3846 μετ’
734 3746 960 3828 ἀθανάτοισι
977 3756 1135 3852 θεοῖσιν]

107 3947 109 3951 Ι
235 3857 407 3951 τέρπεται
429 3860 467 3930 ἐν
488 3854 626 3952 θαλίῃς.

137 3990 259 4062 Obiter
286 3992 426 4077 adiicio,
456 4015 561 4082 quum
581 3994 618 4059 in
636 3993 748 4084 primo
773 3990 898 4060 horum
920 3987 1077 4058 versuum
1097 3995 1248 4056 anastro—

134 4094 231 4186 pheu
248 4096 283 4162 in
295 4095 545 4187 praepositione
567 4096 703 4181 admisi,
729 4094 766 4164 id
779 4118 835 4164 me
848 4096 1008 4164 scientem
1026 4091 1162 4178 fecisse,
1188 4093 1295 4180 qui44

136 4197 222 4266 mihi
238 4197 354 4266 videar
376 4197 604 4267 demonstrare
625 4204 745 4290 posse,
784 4194 1080 4291 grammaticorum
1100 4216 1246 4287 praeee—
1372 4276 1376 4284 ι

89 4320 90 4327 ’
134 4303 303 4394 ptionem,
337 4323 447 4391 aquo
467 4300 519 4368 illi
542 4301 639 4371 iliad
666 4326 698 4374 o.
724 4300 811 4371 191.
838 4301 903 4392 ipsi
923 4299 1156 4390 exceptionem
1175 4307 1244 4366 ste-
