2826 4904
723 971 756 1055 Ι.

709 1191 776 1252 DE

185 1336 674 1471 „FVNDAMENTO
725 1340 910 1428 IVRIS
950 1335 1272 1427 PVNIENDI

481 1523 993 1596 DISSERTATIO.

178 1879 397 2047 Quaerenti
419 1980 499 2026 num
522 1955 572 2027 ius
587 1957 751 2049 puniendi
773 1957 859 2027 inter
881 1979 940 2041 ea,
974 1976 1062 2045 quae
1091 1960 1209 2022 natura
1225 1932 1300 2020 ¹ho-

177 2060 320 2144 minibus
336 2060 447 2148 dedit,
460 2064 534 2130 iura
552 2063 767 2131 referendum
779 2063 830 2145 sit,
857 2068 934 2128 ante
951 2059 1063 2127 omnia
1079 2080 1165 2146 opus
1183 2065 1232 2124 est
1245 2077 1299 2141 eo,
1355 2150 1360 2155 ι

178 2169 216 2229 ut
231 2185 298 2230 non
307 2164 424 2249 modo,
434 2166 516 2252 quid
532 2165 669 2234 omnino
682 2187 796 2254 poena
803 2165 853 2247 sit,
868 2164 960 2245 seint,
969 2161 1028 2228 sed
1037 2162 1148 2242 etiam,
1163 2167 1200 2227 ut
1213 2182 1299 2246 qua-

177 2264 220 2331 lis
235 2288 276 2330 ea
293 2267 334 2332 sit
351 2287 483 2352 poena,
510 2268 602 2332 euius
623 2266 810 2355 exigendae
833 2265 883 2330 ius
905 2262 1081 2351 quoddam
1102 2262 1299 2352 reperiatur,

178 2366 266 2432 bene
279 2376 497 2456 perspectum
508 2365 644 2435 habeat.
695 2370 784 2435 Nam
798 2367 825 2433 si
839 2389 926 2454 quae
948 2375 1023 2432 sunt
1042 2388 1193 2455 poenae,
1218 2376 1301 2452 quas

178 2469 328 2558 persolvi
347 2470 495 2557 aequitas
515 2470 654 2558 quidem
669 2480 708 2537 et
728 2468 884 2536 honestes
903 2468 1074 2559 flagitent,
1099 2467 1222 2534 iustitia
1236 2490 1299 2535 au-

178 2581 248 2638 tem
268 2571 470 2661 prohibeat,
497 2597 552 2640 eas
565 2582 659 2663 patet
680 2574 724 2640 ab
748 2572 816 2641 hac
838 2570 1083 2662 disputatione,
1109 2570 1144 2636 in
1166 2568 1299 2657 quade

178 2674 218 2741 iis
229 2684 359 2742 tantum
370 2676 504 2764 poenis,
531 2699 619 2765 quae
631 2678 703 2744 iure
718 2675 869 2764 quodam
884 2675 1042 2756 nitantur,
1070 2671 1299 2741 disserendum
1380 2760 1384 2767 Ι

66 2830 79 2855 ,
180 2787 246 2862 est,
272 2778 375 2867 plane
389 2779 710 2870 segregandnsesse.
762 2779 802 2845 ln
818 2800 887 2866 quo
900 2778 1049 2868 inprimis
1063 2776 1298 2844 errassevide-

180 2888 234 2947 tur
246 2881 353 2971 Hugo
369 2881 527 2966 Grotius,
558 2893 592 2949 et
604 2883 662 2970 qui
676 2906 753 2949 eum
764 2882 895 2969 sequuti
907 2889 992 2964 sunt,
1016 2901 1164 2969 poenam
1175 2879 1211 2946 in
1223 2901 1299 2946 mu-

179 2982 216 3048 lo
229 2984 409 3072 passionis,
435 2985 531 3072 quod
550 2987 597 3052 ob
612 2986 739 3052 malum
751 2984 890 3054 actionis
912 2985 1099 3075 infligatur,
1125 2990 1297 3073 ponentes

90 3097 92 3104 '
181 3084 279 3168 Quae
302 3086 452 3154 definitio
473 3111 694 3176 quamquam,
727 3087 811 3176 quid
830 3088 966 3154 omnino
992 3108 1106 3177 poena
1127 3086 1186 3169 sit,
1218 3085 1300 3151 lieet

178 3189 298 3276 paullo
313 3190 503 3274 obscurius,
534 3200 567 3258 at
579 3213 659 3260 vere
670 3201 783 3258 tamen
798 3190 960 3274 declarat,
987 3212 1028 3256 eo
1042 3197 1196 3255 naturam
1209 3208 1299 3276 poe-

179 3312 243 3358 nae
258 3294 386 3359 censeri
398 3293 566 3377 indicans,
588 3294 682 3382 quod
696 3316 826 3378 rerum,
840 3316 928 3382 quae
944 3290 988 3358 ad
1006 3292 1094 3359 vitae
1108 3289 1299 3360 iucundita-

178 3401 248 3461 tem
275 3395 458 3484 pertinent,
493 3396 605 3484 aliqua
627 3396 813 3463 imminutio
835 3396 981 3463 actiones
1000 3372 1143 3463 strionis
1164 3394 1299 3484 iegibus

179 3498 376 3584 contrarias,
402 3509 575 3588 tamquam
589 3500 753 3590 obligatio
767 3498 949 3568 malefacto
962 3506 1151 3580 eontracta,
1178 3518 1298 3564 conse-

180 3611 318 3688 quatur:
351 3624 473 3692 purum
492 3612 605 3671 temen
627 3603 751 3670 idonea
775 3612 841 3688 est,
872 3602 948 3686 ubi,
982 3623 1063 3668 num
1083 3601 1157 3666 iure
1177 3597 1297 3688 punire

180 3726 385 3793 quemquam
413 3706 534 3790 liceat,
573 3706 808 3796 disceptamus.
871 3705 961 3775 Nam
992 3704 1102 3771 malae
1139 3701 1297 3786 actiones,

180 3829 262 3895 quas
277 3807 413 3877 Grotius
434 3809 598 3893 nominat,
624 3831 692 3876 non
715 3808 825 3875 solum
846 3807 1007 3896 perfectis
1026 3803 1147 3872 officiis
1166 3804 1297 3871 violan-

179 3908 230 3977 dis
255 3912 522 3995 committuntur,
557 3912 619 3979 sed
642 3911 745 3980 etiam
763 3911 987 4000 imperfectis,
1020 3929 1165 3998 quorum
1187 3907 1298 3976 nullus

179 4022 229 4080 est
243 4036 336 4098 usus,
361 4015 421 4082 ubi
435 4015 480 4083 de
494 4015 566 4082 iure
610 4015 763 4082 uueritur.
815 4013 904 4081 Solis
927 4014 1016 4080 enim
1039 4010 1159 4078 officiis
1179 4013 1296 4102 perfe-
1379 4042 1383 4048 ·

178 4116 251 4200 otis,
277 4116 397 4205 quibus
413 4119 574 4187 violandis
585 4039 730 4186 diorum
741 4117 878 4184 libertas
891 4114 1054 4200 laedatur,
1070 4112 1144 4182 iura
1155 4137 1297 4205 respon-

180 4217 274 4304 dent,
298 4241 443 4309 quorum
458 4221 763 4292 conservandorum
777 4241 970 4304 eaussus‘ne
982 4218 1042 4286 illa
1055 4217 1173 4288 officie
1184 4217 1297 4310 negli-

1011 4323 1045 4390 A
1070 4320 1095 4388 2
