2826 4904
209 314 253 377 ω
553 305 980 371 ornaturus

209 487 346 577 frugum
367 489 462 571 potu.
514 474 747 577 Κηπειῖματα
769 479 973 550 vocabulum
993 490 1042 552 cst
1059 483 1190 573 saepius
1204 483 1249 552 ab
1265 506 1327 552 an

207 588 306 678 tiquis
320 585 536 678 scriptoribus
553 583 754 652 adhibitum
805 583 929 652 Pollux
946 584 1006 654 lv.
1030 582 1116 653 14⁰.
1135 587 1256 678 iungit
1252 581 1326 676 κὴ

207 679 581 808 πουςοικηπευματα.
632 685 775 754 ldeml.
801 686 887 754 222.
879 681 1133 809 .φυτιυ’ματα,
1158 680 1322 783 μοδχιύ-

206 817 321 887 ματα,
347 784 571 898 κηπεύματα.
622 788 722 858 Vnde
737 788 960 859 Manthiusin
974 791 1157 882 specimine
1171 793 1324 862 defectus

206 897 393 965 lexicorum
405 893 571 962 nonmale
588 892 732 978 coniicit,
758 883 972 988 κηπεύματα
987 897 1088 964 etiam
1104 894 1324 966 fructushor

204 1009 313 1081 tenses
329 997 527 1089 significare.
576 995 631 1066 lle
643 995 750 1064 hortis
763 996 990 1065 adhibuerunt
1001 994 1171 1069 Diodorus
1185 999 1255 1072 Sic
1261 999 1322 1067 ΠΙ.

205 1100 269 1173 44.
281 1112 315 1171 et
326 1100 521 1171 Athenaeus
531 1122 567 1190 p.
580 1098 666 1168 682.
681 1100 725 1168 Β.
739 1100 907 1170 Incertum
921 1109 1033 1169 utrum
1046 1101 1091 1172 de
1104 1102 1210 1171 hortis
1225 1102 1323 1170 ande

203 1206 370 1300 frugibus,
395 1203 660 1296 Aristophanes
650 1226 684 1270 ιιι
699 1203 829 1272 Avibus
842 1227 873 1272 v.
891 1202 1001 1272 1⁰99.

305 1334 415 1441 ἧρινοῖ
430 1369 471 1414 τε
489 1333 705 1433 βοσκόμεθα

304 1445 490 1568 παρθένια
506 1435 733 1541 λευκότροφα

303 1539 426 1642 μύρτα
443 1543 570 1667 Χαρῖ-

304 1675 377 1722 τιον
392 1674 434 1723 τι
447 1639 668 1745 κηπεύματα

83 1784 85 1791 ’
201 1785 432 1856 Etlliodorus
445 1785 513 1855 Sic.
525 1784 569 1853 ll.
587 1782 648 1852 37
639 1783 768 1881 .χοορῖς
781 1783 821 1857 δὲ
837 1779 980 1860 τούτων
995 1783 1082 1862 ἄλλο
1073 1787 1234 1911 πλῆθος
1247 1814 1319 1860 πο-

202 1889 331 1983 ταμοῖν
354 1888 598 1961 παντοδαπῶν
623 1889 775 2010 διαρρεῖ,
801 1887 860 1967 καὶ
875 1895 977 1962 ποιεῖ
988 1883 1219 2014 κατοῖρρρτον
1236 1893 1320 1964 πολ·

201 1996 276 2072 tole
290 2016 494 2090 κηπευμαοι
510 1989 570 2062 καὶ
586 1996 735 2085 καρποῖς
749 1994 997 2073 παντοδαποῖς
1012 1986 1079 2082 την
1095 1987 1224 2089 χώραν.
1252 1993 1321 2063 Hic

39 2150 42 2162 .
56 2119 61 2126 ’
199 2095 341 2184 quidem
354 2093 471 2186 fruges
484 2093 664 2163 commode
678 2091 917 2186 intelligentur.
947 2095 1001 2166 Ac
1008 2097 1151 2166 verbum
1158 2123 1321 2195 κηπευοιν

199 2198 344 2267 maxime
367 2197 413 2265 dc
433 2197 588 2289 frugibus
600 2195 746 2266 humore
762 2197 944 2267 nutriendis
963 2211 1157 2291 usurpatur.
1183 2223 1215 2269 v.
1235 2199 1319 2268 Val-

199 2299 296 2370 cken.
320 2301 365 2369 ad
384 2301 503 2392 Eurip.
517 2301 664 2393 Hippol.
685 2323 721 2391 p.
740 2299 826 2371 lta.
841 2301 876 2371 b.
916 2300 1038 2374 Lectio
1054 2298 1320 2400 καρπουμοῖτοικ

198 2405 280 2473 inde
298 2414 377 2474 nata
401 2404 553 2490 videtur,
579 2404 675 2497 quod
702 2404 776 2493 quis
794 2404 1023 2494 explicationis
1043 2429 1158 2481 caussa
1173 2405 1319 2501 καρποῖν

19 2585 26 2602 .
93 2497 96 2502 ’
197 2508 430 2600 adscripscrat.
481 2507 707 2597 Reliquorum
728 2507 911 2575 verborum
931 2509 1093 2578 facillima
1105 2518 1154 2576 est
1170 2509 1319 2599 explica-

196 2612 255 2678 tio.
306 2614 428 2701 Neque
449 2611 539 2678 enim
557 2632 763 2698 quemquam
783 2608 830 2677 ita
850 2610 1059 2679 invenustum
1074 2611 1150 2677 fore
1165 2613 1318 2695 arbitror,
1385 2651 1387 2655 ¹

196 2721 235 2782 ut
248 2707 365 2807 πυρόν
385 2708 593 2808 ἀνδρομήκη
611 2710 656 2779 de
672 2710 808 2801 hospite
822 2709 1000 2803 intelligat,
1014 2713 1106 2782 cuius
1118 2713 1318 2805 interpreta-

194 2816 294 2883 tionis
312 2837 356 2882 ne
375 2815 579 2884 mentionem
602 2813 742 2906 quidem
761 2813 929 2901 facerem,
953 2815 1014 2884 nisi
1036 2816 1150 2886 fuisset
1159 2818 1215 2888 cui
1231 2842 1274 2887 ea
1285 2819 1318 2887 io

188 2916 492 3007 -mentemveniret
554 2975 556 2980 .

297 3054 338 3123 ln
351 3054 458 3124 altero
471 3054 664 3148 fragmento
682 3055 777 3146 (nam
792 3053 897 3122 verba
912 3051 973 3127 ὅτι
993 3056 1032 3131 δὲ
1050 3052 1236 3131 οῖπέθανεν
1256 3055 1317 3153 ὑφ’

194 3156 418 3257 Ἡρακλέους
433 3157 520 3256 φησὶ
531 3159 642 3252 λέγων
657 3157 836 3227 manifesto
843 3157 1043 3227 scholiastae
1056 3162 1146 3252 sont)
1157 3161 1317 3248 equidem

168 3339 170 3345 y
193 3286 263 3331 non
284 3285 422 3353 possum
443 3263 519 3330 satis
532 3263 661 3349 mirari,
688 3262 747 3352 qui
761 3262 825 3330 sibi
840 3261 1037 3353 interpretes
1050 3266 1085 3331 in
1103 3264 1250 3331 animum
1264 3265 1317 3334 in-

194 3365 320 3433 ducere
342 3367 528 3456 potuerint,
563 3367 689 3435 litteras
703 3374 821 3438 πυθιο
839 3376 973 3456 partem
993 3390 1063 3435 esse
1074 3368 1234 3436 vocabuli
1248 3394 1315 3440 πυ·
1340 3453 1344 3459 ⁸

192 3466 362 3564 θιονῖκης.
413 3470 585 3558 Namque,
620 3479 658 3540 ut
678 3469 724 3540 de
751 3476 860 3537 metro
889 3478 1039 3555 taceam,
1070 3470 1154 3559 quid
1171 3470 1311 3539 tandem

193 3593 327 3640 caussae
341 3571 394 3657 sit,
409 3594 514 3660 quare
525 3570 596 3642 hoc
613 3575 648 3640 in
660 3574 740 3641 loco
754 3571 920 3641 Hercules
933 3581 1147 3671 πυθιονίκης
1162 3573 1316 3643 dicatur?

193 3684 252 3744 aut
264 3673 337 3765 quis
350 3675 439 3743 adeo
454 3697 558 3767 sagax
572 3675 629 3760 sit,
655 3683 704 3760 ut,
728 3675 755 3743 si
770 3697 873 3764 quem
885 3676 1050 3744 nominari
1065 3676 1246 3766 Pythicum
1263 3677 1314 3746 vi-

193 3779 323 3848 ctorem
340 3778 465 3864 audiat,
493 3801 570 3847 eum
585 3779 771 3848 Herculem
785 3781 908 3871 potius,
928 3801 1030 3868 quam
1047 3782 1198 3869 quemuis
1211 3782 1315 3864 alium

192 3905 263 3951 csse
287 3880 481 3975 intelligat?
518 3880 679 3951 Profecto
699 3882 895 3950 huiusmodi
918 3893 1109 3958 commenta
1123 3884 1244 3953 miram
1258 3908 1313 3952 ar-

191 3993 301 4076 guunt
314 3985 440 4078 ingenii
456 3993 701 4076 paupertatem.
741 3984 780 4053 si
794 3983 853 4056 hic
868 3984 912 4054 dc
930 3987 1015 4055 urbe
1029 3987 1188 4077 Pythone
1203 3989 1314 4056 omni—

191 4110 236 4155 no
261 4090 481 4179 cogitandum
500 4089 680 4158 comebant
701 4089 917 4179 interpretes,
947 4090 1064 4178 quidni
1081 4089 1102 4164 o‘
1119 4085 1312 4188 octogoqr

192 4216 277 4270 στος
296 4212 465 4282 reponere
483 4194 518 4261 in
539 4200 688 4262 mentem
711 4191 824 4275 venit?
854 4192 993 4279 Poterat
1016 4203 1117 4268 certe¹
1131 4219 1152 4262 a
1165 4195 1312 4285 Pythico

191 4293 329 4364 oraculo
350 4295 518 4370 Hercules
539 4295 711 4392 Lytiersae
735 4296 867 4368 cccbor
887 4297 1080 4391 praedictus
1094 4320 1183 4386 esse,
1208 4298 1313 4368 utfa-
1344 4336 1351 4346 ‚
