2826 4904
506 315 896 378 GENERIBVS.
1123 330 1126 339 '
1213 321 1257 382 23

94 521 97 530 ·
144 487 253 553 tinent
266 485 384 571 latine,
409 508 513 574 quarn
534 487 764 577 exemplorum
787 487 940 554 universa
953 485 1000 554 vis
1018 494 1052 554 et
1064 487 1255 561 multitudo.

146 588 389 675 Quamobrem,
406 590 464 677 qui
480 589 569 658 haec
577 611 646 657 non
659 589 778 658 viderit
789 591 966 679 probeque
977 590 1187 675 intellexerit,
1204 591 1238 660 in

143 700 256 760 certus
280 693 497 780 turbatusque
517 693 553 759 in
580 700 672 763 tanta
696 701 830 763 actam
862 693 1002 762 confusa
1031 693 1255 769 diversitatum

144 795 247 883 copia
257 797 454 886 vagabitur,
479 794 590 864 donec
608 795 662 879 id,
695 795 790 883 quod
803 796 946 864 maxime
957 796 1137 886 probabile
1149 795 1255 863 visum

142 896 263 982 fuerit,
295 897 395 966 avido
417 897 609 988 amplexae,
642 898 804 986 quidquid
831 900 955 981 obstet,
988 907 1045 965 ant
1073 907 1256 987 utcumque

140 998 350 1084 tollendum,
382 1009 440 1067 aut
452 999 677 1090 ignorandum
698 1001 890 1070 decreverit.
925 1000 984 1069 Sic
995 996 1159 1069 Battesius
1172 1001 1256 1070 mira

102 1136 104 1140 ⁸
141 1102 290 1190 quadam
315 1102 495 1188 facilitate,
519 1126 624 1191 quum
645 1103 750 1192 lyrica
769 1104 915 1172 canuina
935 1102 1142 1187 detraxisset,
1174 1104 1255 1172 reli-

142 1226 246 1293 quam
258 1206 376 1295 poesin
392 1227 538 1291 omnem,
561 1229 674 1295 quam,
690 1207 903 1274 Aristotelem
918 1215 1084 1293 sequutus,
1097 1206 1132 1273 in
1143 1206 1255 1275 inrita-

140 1307 234 1375 tione
246 1309 421 1398 agentium=
430 1308 556 1397 aliquid
563 1310 659 1376 sitam
665 1310 817 1398 putabat,
824 1309 880 1393 ita,
888 1308 982 1398 qnod
994 1308 1039 1375 ad
1048 1318 1254 1400 argumenta,

142 1409 325 1496 distribuit,
349 1420 387 1479 ut
401 1434 477 1478 eam
491 1419 549 1478 ant
565 1411 664 1496 deos,
684 1421 740 1479 aut
756 1435 873 1503 reges,
899 1421 957 1479 aut
975 1434 1017 1478 ex
1031 1413 1163 1502 populo
1186 1411 1254 1480 ho-

141 1513 264 1598 mines,
290 1522 348 1580 aut
360 1523 525 1604 pastores,
550 1523 609 1582 aut
624 1514 769 1603 denique
781 1516 879 1583 bruta
896 1515 1051 1582 animalia
1064 1515 1185 1582 imitari
1200 1514 1254 1582 di-

142 1625 244 1700 ceret,
258 1616 370 1705 itaque
382 1616 559 1686 heroicum
573 1639 717 1702 carmen,
725 1616 947 1709 tragoediam,
957 1617 1179 1700 comoediam,
1188 1639 1254 1707 pa-

141 1719 308 1787 storiciam
314 1721 443 1810 poesin,
459 1720 828 1812 etfabellasAesopicas
840 1721 925 1787 inter
937 1721 1011 1810 ipsa
1025 1719 1253 1810 distingueret.

140 1820 275 1889 Eadem
294 1820 430 1891 levitate
450 1823 607 1913 plerique
631 1845 762 1909 omnes,
788 1823 844 1895 alii
866 1823 959 1891 aliud
978 1822 1126 1910 sequuti,
1151 1823 1254 1913 plane

141 1923 281 1993 dubiam
297 1933 331 1993 et
343 1927 506 1995 incertam
518 1925 609 1995 hanc
628 1934 735 1994 totam
753 1925 945 2018 disputandi
957 1926 1121 1993 rationem
1134 1924 1253 1993 reddi-

140 2025 279 2113 derunt,
303 2051 449 2116 quorum
460 2030 495 2095 in
509 2051 651 2097 numero
662 2030 740 2097 illos
756 2052 800 2098 ne
814 2052 941 2120 ponam
954 2029 1109 2119 quidem,
1125 2028 1201 2117 qni,
1215 2035 1254 2094 ut

138 2128 436 2222 Eschenbnrgius,
459 2132 723 2220 unumquodque
738 2154 880 2222 poeseos
896 2155 1001 2224 genus
1017 2154 1059 2198 ex
1073 2153 1132 2214 eo,
1158 2129 1253 2217 quod

137 2231 342 2320 plemmque
353 2235 424 2316 fiat,
441 2233 647 2317 definientes,
663 2255 732 2299 non
745 2233 900 2300 videntur
915 2233 1098 2321 quidquam
1112 2231 1157 2298 ad
1172 2230 1253 2321 phi-

137 2332 354 2423 losophicam
372 2333 495 2398 harum
516 2355 629 2400 rernm
651 2333 938 2423 investigationem
959 2334 1101 2401 voluisse
1127 2333 1253 2404 contri-

138 2435 256 2513 buere.
269 2433 518 2518 Quodsiinhac
525 2443 616 2502 tanta
623 2436 856 2503 sententiarum.
863 2436 1072 2503 multitudine
1079 2459 1119 2504 ac
1127 2437 1254 2503 discre-

136 2538 256 2628 pantia
267 2537 338 2604 veri
350 2536 537 2605 inveniendi
552 2538 664 2625 aliqua
678 2560 756 2627 spes
775 2548 833 2623 est,
855 2561 896 2605 ea
910 2560 1120 2629 magnopere
1134 2558 1254 2604 vereor

137 2663 182 2708 ne
195 2640 366 2723 addendo,
382 2639 605 2725 detrahendo,
621 2640 999 2731 corrigendominuatur
1011 2643 1135 2732 potius,
1151 2663 1253 2728 quam

138 2752 275 2812 crescat
300 2744 390 2810 Nam
402 2766 506 2830 quum
518 2744 553 2810 in
567 2744 606 2811 iis
619 2745 764 2811 maxime
776 2745 876 2810 rebus
888 2754 1033 2812 erratum
1045 2744 1157 2829 fuerit,
1165 2767 1253 2832 quae

139 2847 240 2914 totius
252 2845 499 2936 disceptationis
513 2846 732 2914 fundamenta
744 2857 829 2932 sunt,
848 2869 917 2916 non
930 2848 1085 2916 videmur
1098 2847 1193 2914 aliter
1206 2847 1252 2919 ad

138 2951 210 3016 veri
226 2948 396 3018 scientiam
414 2950 589 3040 pervenire
609 2972 725 3041 posse,
750 2952 915 3039 quamsi,
941 2951 1064 3019 relictis
1087 2950 1253 3034 omnibus,

137 3074 226 3140 quae
240 3053 361 3121 antea'
405 3052 475 3120 hoc
493 3076 618 3143 genere
637 3053 700 3119 viri
716 3052 809 3120 docti
821 3053 1044 3142 disputamut,
1058 3052 1103 3120 de
1117 3054 1251 3142 integro

136 3177 210 3223 rem
225 3154 329 3221 ordiri
340 3075 509 3227 obaemur.
533 3157 595 3225 Est
606 3158 710 3248 igitur
725 3156 768 3222 ab
782 3156 917 3245 notione
930 3177 1073 3247 poeseos
1087 3155 1250 3243 incipien-

136 3257 237 3342 dum,
251 3281 272 3326 e
285 3281 352 3346 qua
364 3267 537 3346 tamquam
553 3280 595 3325 ex
608 3260 702 3326 fonte
715 3280 793 3342 suo,
809 3236 1015 3350 principales*
1027 3258 1251 3325 necessariae-

137 3383 205 3450 que
216 3383 359 3451 poeseos
371 3370 485 3451 partes
502 3383 617 3427 omnes
631 3361 760 3428 hauriri
777 3359 910 3428 debent.
948 3362 1002 3428 Ea
1022 3369 1132 3426 autem
1146 3381 1251 3447 quum

137 3460 220 3530 du'as
232 3486 285 3531 res
300 3465 478 3549 contiueat,
491 3463 641 3549 alteram,
655 3486 723 3552 qua
736 3463 771 3529 in
787 3463 913 3554 pulcris
928 3463 1051 3530 artibus
1062 3463 1172 3555 poesis
1185 3485 1250 3530 nu-

136 3575 294 3650 meretur,
316 3568 466 3651 alteram,
482 3566 597 3653 inqua
612 3589 688 3634 usus
702 3575 857 3637 cernatur
871 3576 904 3635 ct
912 3566 961 3635 vis
973 3567 1069 3633 artis:
1092 3567 1175 3633 duas
1184 3564 1249 3630 ha*

136 3669 290 3735 bebimus
308 3669 510 3738 dividendae
521 3692 664 3759 poeseos
678 3691 820 3754 caussas,
840 3693 951 3753 unam,
964 3691 1051 3757 quae
1066 3668 1110 3733 ad
1124 3674 1249 3732 tracta-

134 3770 252 3856 tionis,
277 3771 432 3858 alteram,
451 3795 539 3860 quae
553 3772 597 3840 ad
608 3782 880 3862 argumentorum
893 3771 1095 3843 diversitates
1110 3776 1248 3860 spectet

134 3873 289 3958 Quarum
302 3876 523 3964 posteriorem
539 3876 650 3965 primo
666 3874 744 3942 loco
759 3875 1069 3966 pervestigabimus,
1089 3880 1249 3960 propter-

136 3998 177 4044 ea
195 3976 291 4066 quod
305 3978 549 4047 convenientius
572 3978 716 4062 videtur,
735 3978 837 4067 priuS,
861 3978 946 4067 quid
960 3984 1104 4043 tractare
1123 3974 1250 4064 possint

134 4090 270 4169 poetae,
284 4103 397 4168 qnam,
404 4080 441 4148 id
452 4080 743 4169 ipsumquomodo
756 4081 966 4153 tractandum
974 4079 1024 4162 sit,
1033 4099 1248 4168 cognoscere.
1312 4083 1317 4095 '

134 4183 319 4272 Postquam
332 4191 444 4250 antem
455 4181 545 4252 hanc
556 4193 733 4272 utramque
748 4205 822 4252 rem
837 4179 1088 4264 absolverimus
1104 4181 1148 4247 de
1160 4202 1247 4248 non-

135 4286 236 4354 nullis
252 4309 367 4355 eamm
383 4280 583 4356 divisionum
596 4286 814 4372 disseremus,
827 4308 914 4376 quae
927 4283 1079 4372 aliunde,
1091 4306 1193 4375 quam
1206 4305 1248 4352 ex
