2826 4904
206 285 268 345 114
554 278 609 339 DE
639 275 962 337 DlFFERENTlA

204 452 387 543 spicionem
403 449 584 521 oblitterati
603 449 740 522 alicuius
755 447 937 541 participii,
964 468 1066 537 quam
1080 447 1231 517 universa
1243 445 1318 516 hu-

78 616 81 628 .
204 557 253 623 ius
274 555 342 624 loci
362 555 448 622 ratio
471 553 607 637 excitat,
639 575 848 643 magnopere
868 550 999 619 videtur
1016 553 1233 636 confirmare,
1267 552 1317 619 si-

202 658 341 749 quidem
361 655 564 746 Aeschylus,
590 665 627 722 ut
648 656 694 724 ad
709 656 873 746 Vigerum
890 678 926 745 p.
939 651 1025 722 753.
1053 655 1174 739 docui,
1200 676 1316 745 copu-

202 762 272 829 lam
292 761 415 828 inferre
435 769 513 850 post
527 758 740 850 participium
760 759 938 826 cousuevit
995 756 1087 826 Certi
1106 759 1246 847 quidem
1260 756 1323 824 ni-

202 863 255 931 hil
269 865 305 931 in
322 873 413 930 tanta
433 864 503 931 loci
527 865 742 955 corruptione
762 861 878 930 afferri
899 869 1028 952 potest,
1053 862 1113 929 sed
1126 862 1316 928 litterarum

159 986 161 994 ·
202 967 341 1058 vestigia
360 966 572 1054 sequentibus
592 965 776 1033 videndum
798 965 876 1048 erit,
908 989 951 1032 ne
970 964 1030 1033 hic
1052 967 1155 1033 lateat
1173 963 1315 1061 partici-

202 1069 298 1161 pium
315 1070 410 1137 verbi
431 1065 657 1163 ααρταίνειν,
693 1068 788 1158 quod
805 1090 846 1136 ex
870 1067 1044 1157 Hesychio
1067 1069 1102 1134 in
1128 1068 1238 1137 lexico
1255 1088 1314 1135 re-

184 1182 356 1263 ceptum,
382 1171 441 1238 sed
458 1171 608 1238 nondum
621 1173 656 1238 in
679 1194 849 1261 quoquam
869 1173 935 1238 alio
957 1171 1120 1261 scriptore
1140 1178 1314 1262 repertum

152 1284 264 1353 aaest.
315 1274 405 1342 Illud
416 1284 506 1344 certe
524 1274 740 1360 crediderim,
767 1274 794 1342 si
806 1275 940 1341 omnino
959 1275 1047 1342 istud
1064 1275 1206 1342 verbum
1230 1273 1314 1339 vitio

180 1388 311 1462 .caret,
338 1378 594 1467 explicationem
608 1383 772 1472 κρατεῖν,
799 1400 900 1467 quarn
918 1377 1108 1467 Hesychius
1122 1388 1155 1445 et
1168 1376 1313 1443 Favori-

200 1503 264 1549 nus
289 1481 550 1572 adscripseruut,
583 1489 620 1548 ut
641 1504 661 1546 a
682 1479 793 1547 forma
813 1482 907 1548 verbi
930 1482 1090 1568 alienam,
1116 1489 1314 1570 corruptam

201 1607 289 1668 esse,
314 1594 347 1653 et
360 1584 393 1649 in
407 1576 595 1677 κρατύνειν
611 1585 732 1649 mutari
748 1583 882 1651 debere.
934 1584 1125 1673 Vtcumque
1144 1591 1203 1665 est,
1232 1581 1313 1671 (da-

199 1687 290 1754 bitur
314 1687 400 1754 enim
422 1684 510 1754 haec
535 1685 647 1770 venia,
674 1695 712 1754 ut
732 1696 823 1754 certe
840 1687 875 1752 in
894 1688 1085 1776 exemplum
1104 1685 1313 1753 emendatio-

199 1790 249 1857 nis
272 1791 333 1857 isto
354 1789 534 1879 participio
558 1791 715 1880 utamur)
739 1788 829 1859 hanc
853 1790 1105 1880 propemodum
1126 1788 1196 1858 loci
1221 1788 1313 1857 istius

200 1892 344 1959 formam
357 1893 456 1958 fuisse
473 1892 651 1981 probabile
666 1900 723 1960 est.

348 1989 546 2081 ”Ariovd',
575 1993 613 2073 ὃς
637 1993 714 2067 αἰὲν
731 1989 911 2089 ὑπέροχον
932 1999 1061 2076 σθένος

353 2094 575 2191 ναρταίναν,
604 2089 776 2190 οὐράνιόν
799 2124 842 2169 τε
861 2092 974 2170 πόλον

353 2192 481 2278 νώτοις
504 2191 736 2288 ὑποστενάζει
762 2197 811 2290 *).

200 2303 278 2371 Alia
296 2303 449 2390 exempla
463 2301 496 2366 in
509 2298 725 2390 Choephoris
743 2311 885 2386 exstant,
913 2324 1056 2391 quornm
1070 2324 1192 2385 unum,
1219 2298 1313 2389 quod

201 2414 272 2475 erat
292 2406 327 2472 in
346 2428 375 2471 v.
391 2401 476 2471 389.
499 2402 533 2470 in
557 2403 705 2472 editione
728 2405 929 2497 Glasguensi
951 2406 1125 2474 novissima
1145 2405 1313 2473 sublatum

201 2519 258 2576 est.
310 2507 382 2576 Sed
400 2516 522 2574 restant
533 2516 597 2574 tres
612 2507 668 2573 alii
684 2507 762 2575 loci.
813 2509 855 2575 V.
882 2506 968 2576 581.

342 2602 475 2704 ’στῆναί
497 2636 538 2680 τε
561 2607 620 2679 καὶ
639 2602 807 2701 πεδοβά-

352 2738 450 2802 μονα
476 2710 725 2800 νανεμοέντων

353 2810 500 2911 αἰγίδων
528 2805 668 2906 φροῖσαι
688 2805 809 2885 νότον.

199 2949 270 3018 Vbi
282 2949 355 3037 quis
378 2946 465 3014 adeo
480 2947 542 3014 erit
554 2947 758 3032 invenustus,
784 2950 843 3037 qui
861 2952 916 3019 vel
929 2955 1033 3022 verbo
1046 2954 1189 3022 monitus
1203 2975 1314 3043 copu-

199 3054 248 3121 las
262 3054 338 3120 istas
357 3050 438 3118 ferri
454 3073 554 3141 posse
570 3052 632 3118 sibi
645 3053 873 3141 persuadeat?
897 3056 967 3125 Sed
985 3056 1043 3126 hic
1066 3057 1204 3146 quidem
1220 3058 1315 3125 locus

199 3154 438 3224 emendationis
458 3155 585 3222 nullam
606 3153 712 3223 habet
736 3155 979 3228 difficultatem.
1001 3161 1228 3230 Scribendum
1249 3162 1314 3227 itae

351 3290 473 3362 πτοῖνα
496 3289 535 3362 dl
554 3290 615 3362 ιιαὶ
635 3287 864 3387 αεδοβοῖμον’
886 3293 953 3370 oin’
974 3293 1201 3391 οἷνεμοέντων

352 3393 497 3485 αἰγίδων
520 3387 661 3490 φράσαι
682 3390 801 3470 νότον.

196 3531 266 3600 Ηίο
298 3527 356 3601 ναὶ
377 3551 446 3595 non
477 3529 602 3618 copula
633 3541 700 3615 est,
734 3534 794 3602 sed
824 3535 868 3601 ad
889 3538 1028 3604 verbnm
1049 3538 1211 3628 pertinet,
1246 3533 1313 3611 ἀπ’

197 3632 425 3728 α’νεμοέντων
444 3640 556 3699 autem
576 3631 646 3703 hoc
669 3634 804 3704 facilior
818 3648 868 3705 est
890 3642 1073 3725 correctio,
1100 3642 1179 3730 quia
1201 3641 1237 3710 in
1252 3663 1313 3712 co-

197 3737 273 3806 diee
297 3735 565 3823 Guelferbytano
587 3736 633 3804 ita
658 3739 819 3828 scriptum
851 3751 915 3809 est:
949 3736 1160 3838 πεδοβοέμον
1170 3771 1215 3816 αν
1225 3773 1312 3820 ανε-

194 3842 368 3930 μοέντων.
422 3837 581 3927 Sequitur
594 3838 653 3909 hie
667 3840 762 3912 locus
776 3866 806 3912 v.
822 3841 910 3911 722.

236 4173 268 4245 *)
294 4171 327 4229 In
352 4171 442 4232 huius
467 4175 528 4233 loci
557 4175 765 4238 emendatione
790 4199 896 4245 verum
921 4196 967 4250 est
992 4183 1196 4270 οἰιοσιεγᾶζει.
1240 4189 1315 4252 Cae·

194 4265 259 4315 tera
275 4254 365 4316 hodie
383 4258 469 4319 aliter
489 4261 696 4324 constituenda
713 4275 799 4344 puto.
