2826 4904
506 339 883 405 anrlclsvanvn
1169 343 1249 411 «288

135 515 209 581 limi
223 521 318 597 sunt,
341 513 370 579 si
388 506 590 609 παρεκβήῃς
603 525 638 582 et
650 513 795 610 λοθείῃς
813 512 998 598 scribatur,
1022 535 1105 602 quas
1122 512 1249 580 lomras

133 617 328 707 saepissime
341 615 549 683 oblitteratas
562 619 605 686 ab
619 618 762 686 librariis
782 640 855 686 ωεο
869 637 937 685 nou
949 617 1106 708 fugiebat
1117 615 1250 686 Sohae-

135 720 269 803 ferum,
293 718 353 807 qui
375 740 432 785 eas
446 719 520 809 ipae
541 721 754 810 reponendas
774 721 905 810 aliquot
920 720 955 786 in
971 721 1056 787 locis
1076 743 1146 789 esse
1159 717 1250 788 iudi-

135 830 191 892 cat
219 823 254 889 iu
273 819 433 889 Addeud.
455 820 502 888 ad
521 823 642 917 Eurip.
666 824 760 892 Pers
796 844 833 913 p.
857 819 946 891 564.
996 822 1140 890 Maximi
1168 843 1250 890 vero

135 927 252 994 locum
267 925 303 992 in
318 925 467 992 carmine
486 926 570 1020 napi
594 925 784 1021 καταρχοῖν
802 949 834 992 v.
849 922 935 992 346.
957 925 985 991 si
1000 925 1186 994 accuratius
1197 925 1250 990 in-

134 1029 296 1120 spexisset
315 1027 367 1095 vir
387 1026 613 1112 doctissimus,
645 1030 748 1098 facilc
776 1027 913 1097 vidisset
935 1028 980 1094 ab
1000 1027 1068 1097 hac
1097 1029 1251 1119 disputa-

133 1133 225 1200 tione
244 1154 315 1200 estse
334 1130 580 1205 alienissimum
632 1133 666 1200 ls
683 1132 779 1201 locus
801 1132 848 1198 ita
870 1130 1065 1200 scribendus
1082 1139 1150 1198 est.

237 1283 282 1380 ἢν
299 1282 337 1355 δὲ
351 1275 564 1406 Νεμοιήταο
580 1287 666 1382 πέλῃ
680 1313 774 1357 κατα
788 1283 907 1406 ἄστρα
922 1284 1085 1373 λέοντος,

237 1414 269 1458 ει
282 1385 351 1478 μὲν
368 1383 425 1457 ἐπὶ
443 1379 568 1504 πρώτῃ
582 1385 642 1485 ηὀι
631 1383 830 1483 dpdpov'
812 1413 992 1460 errorores
997 1442 1013 1476 ,

237 1481 410 1584 λήσεται,
433 1483 521 1562 oo’de'
536 1518 603 1585 μιν
618 1487 723 1571 αὖτις
737 1490 906 1614 ἐφέστιον
921 1488 978 1560 οἷο
996 1485 1151 1568 ἄνακτος

239 1533 639 1688 ἄθρῆοειςθεροῖποντο
654 1586 896 1713 φογόπτολιν·
923 1617 955 1662 ει
950 1585 1091 1683 ’css’
1074 1616 1117 1662 επ
1144 1583 1209 1684 noi

242 1691 474 1788 δεοτοτίη”
430 1720 576 1815 αιροιτο
592 1691 728 1792 φυγήν,
754 1690 800 1797 οὐ
814 1686 936 1765 πάντα
956 1694 1116 1766 wetsten

238 1788 500 1892 δρησμοοονὴν

134 1948 254 2036 ltaque
277 1955 414 2036 quartus
441 1955 573 2018 tantum
598 1957 750 2042 superest
779 1948 892 2036 locus,
933 1949 994 2038 qui
1019 1889 1072 2018 est
1100 1945 1252 2018 eiusdem

134 2051 294 2136 Maximi,
319 2074 351 2117 v.
370 2049 458 2119 422.

237 2198 318 2275 οὐδ’
335 2201 379 2290 ἢν
401 2198 577 2298 Ἰφίκλοιο
594 2199 778 2301 deuiasque
791 2198 973 2290 αὐδοέζοιο.

127 2355 244 2453 νΗιιὶιιε
265 2375 347 2422 vero
371 2355 440 2427 loci
466 2357 586 2442 lectio,
610 2357 663 2424 bis
684 2358 785 2425 etiam
804 2357 899 2449 apud
920 2357 1085 2426 Tuetzam
1106 2363 1253 2446 reperta,

137 2483 208 2528 non
222 2465 353 2548 potest,
377 2481 417 2526 re
440 2459 514 2551 ipsa
535 2460 723 2544 iudicante,
749 2461 853 2556 dubia
873 2483 953 2529 esse.
1006 2461 1121 2544 Quare
1144 2461 1254 2529 conli-

138 2561 281 2630 tendum
302 2562 382 2645 erit,
407 2560 452 2656 ἢν
472 2564 572 2631 etiam
593 2564 764 2654 optativo,
791 2574 882 2633 certe
901 2564 996 2655 apud
1017 2563 1118 2632 huius
1139 2563 1254 2631 aetatis

140 2665 338 2756 scriptores,
363 2665 458 2756 iungi
473 2667 631 2758 potuisse.
680 2669 729 2736 At
747 2667 846 2736 simul
858 2667 917 2736 hic
930 2668 1025 2736 locus
1036 2667 1179 2750 indicat,
1207 2665 1255 2735 sic

138 2777 268 2836 tautum
288 2767 326 2833 id
340 2767 469 2835 factum
483 2794 571 2856 esse,
595 2779 633 2837 ut
647 2768 690 2866 ἢν
708 2793 774 2861 pro
789 2773 844 2860 εἰ,
869 2794 939 2839 nou
951 2779 989 2840 ut
1003 2771 1170 2862 optativus
1188 2791 1254 2860 pro

113 2913 115 2919 .
139 2872 349 2941 coniunctivo
367 2879 462 2945 esset.
512 2874 594 2944 Hoc
616 2896 699 2941 vero
714 2873 829 2943 afferri
840 2874 1007 2960 debebat,
1033 2897 1102 2963 quo
1116 2882 1151 2941 et
1168 2895 1254 2963 pro-

137 2974 213 3043 bari
228 2997 329 3065 posse
349 2982 526 3066 utramque
547 2979 845 3062 constructionem,
871 2988 906 3048 et
923 2992 1002 3067 qn
1054 2999 1160 3066 aeque
1173 2977 1254 3045 loco

138 3077 318 3168 probanda
348 3089 448 3164 esset,
491 3081 744 3171 intelligeretur.
806 3083 859 3151 Ac
887 3084 1017 3171 saepius
1046 3077 1234 3149 fortasse
1209 3104 1255 3173 ην

139 3181 290 3271 optativo
314 3181 465 3250 iunctum
485 3184 585 3250 aliam
606 3184 678 3249 aliis
700 3185 735 3249 in
756 3183 841 3251 locis
873 3184 1117 3253 exeusationem
1138 3181 1253 3253 habet.

138 3285 310 3363 Homerus
327 3284 468 3373 quidem
482 3285 559 3357 ἐπεὶ
576 3283 622 3355 ἄν
637 3292 672 3351 et
688 3278 776 3379 ἐπήν
795 3283 891 3350 Iliad.
915 3311 939 3355 ι.
956 3283 1044 3356 304.
1063 3311 1095 3354 τ.
1116 3281 1202 3350 2⁰8.
1222 3291 1256 3349 et

138 3410 221 3454 vero
243 3388 362 3470 etiam,
388 3388 415 3454 si
437 3387 521 3475 quid
542 3387 658 3470 video,
686 3384 755 3454 od.
778 3394 817 3457 θ.
845 3381 933 3458 511.
984 3385 1174 3475 Aeschylus
1194 3407 1256 3453 au-

137 3500 210 3558 tem
232 3490 267 3556 iu
287 3490 397 3558 Persis
418 3487 505 3556 450.
522 3487 632 3574 ὅταν,
659 3499 693 3557 et
711 3489 901 3571 Homerus,
931 3488 959 3555 si
977 3489 1098 3572 lectio,
1124 3491 1174 3556 uti
1192 3488 1256 3556 de-

137 3591 216 3678 bet,
241 3593 338 3659 lliad.
364 3620 402 3664 π.
425 3591 486 3661 63.
507 3593 714 3683 corrigatur,
741 3613 782 3660 ac
802 3591 969 3660 Lucienus
998 3592 1033 3659 in
1057 3591 1203 3659 Timone
1225 3610 1260 3658 ο.·

139 3695 201 3764 39.
224 3696 268 3763 Τ.
283 3696 311 3762 l.
323 3719 359 3787 p.
374 3692 460 3763 151.
489 3691 629 3769 ὁπόταν
651 3706 744 3764 recte
768 3695 918 3785 optativo
934 3694 1124 3775 iunxerunt:
1150 3703 1204 3777 ut,
1231 3692 1257 3760 si

138 3799 233 3867 idem
254 3798 423 3868 Lucienus
443 3798 487 3894 ἢν
512 3800 643 3890 saepius
660 3799 709 3866 ita
723 3799 941 3867 construxisse
952 3798 1152 3889 reperiatur,
1179 3818 1257 3864 saue

138 3902 177 3968 id
190 3924 259 3969 non
279 3904 406 3991 ubique
422 3903 561 3970 librariis
576 3903 730 3970 videatur
745 3902 982 3992 imputandum
997 3924 1078 3970 esse.
1128 3899 1200 3968 Sed
1214 3897 1258 3966 de

139 4004 209 4075 hac
229 4029 267 4074 re
294 4007 342 4076 sic
358 4006 497 4073 demum
517 4015 613 4074 recte
636 4005 798 4096 disputari
825 4004 970 4097 poterit,
1003 4005 1030 4071 si
1050 4004 1124 4094 quis
1146 4001 1258 4070 omnia

143 4109 244 4182 huius
267 4109 517 4178 constructionis
537 4110 694 4198 exempla
711 4131 751 4176 ex
770 4107 840 4178 lroc
862 4106 1040 4196 scriptore,
1075 4106 1168 4175 cuius
1187 4128 1258 4173 ser-

142 4235 202 4280 mo
229 4213 366 4280 omnino
390 4210 597 4281 accuratiore
613 4212 895 4304 pervestigatione
916 4204 1037 4300 dignus
1061 4219 1123 4295 est,
1150 4209 1306 4288 colle-10

143 4316 235 4409 gerit
255 4324 290 4386 et
303 4316 389 4386 iuter
407 4317 499 4410 ipsos
519 4315 772 4409 comparaverit.
824 4317 871 4384 At
888 4315 923 4382 in
943 4312 1156 4404 Thucydidis
1172 4314 1262 4402 loeo,
