2826 4904
383 323 445 388 DE
474 323 967 392 Pnououssuuurroa
1172 329 1253 400 ³⁸⁰<
1277 361 1284 409 ,.·

122 498 315 568 verborum·
328 499 472 586 formas,
506 521 538 568 v.
564 521 596 573 c.
634 498 770 584 ολοοο,
807 498 972 594 uhuoug,
1006 499 1171 591 procudi,
1202 511 1238 573 et

121 605 165 671 ab
189 603 372 695 imperitis,
398 603 491 694 (suut
515 611 628 670 autem
640 603 772 694 patriae
785 601 925 696 linguae
936 604 1093 694 plerique
1107 618 1237 692 omnes,
1277 630 1292 655 ·‘

121 706 247 796 quiea
270 716 423 791 utuntur,
455 702 600 797 imperiti
608 705 636 795 ,)
673 706 826 796 usurpari
857 705 1016 776 ridemus.
1066 707 1238 778 Homerus

120 819 213 878 certe
239 833 373 902 semper
398 809 482 877 dixit
502 807 627 890 οὕτως.
679 808 857 901 Significat
881 819 994 880 autem
1019 808 1090 881 hoc
1115 811 1238 880 adver·

120 913 216 980 bium
240 936 435 1004 numquam,
460 922 499 980 nt
522 912 759 1004 Etymologus,
785 913 990 1000 Eustathius,
1015 935 1119 1003 quum
1146 913 1238 1000 alibi,

120 1025 193 1085 tum
222 1017 367 1086 maxime
390 1039 427 1108 p.
452 1010 549 1100 545,
587 1013 647 1087 29.
700 1016 746 1083 Η.
773 1014 984 1106 Stephanus,
1018 1038 1097 1086 oum
1127 1039 1240 1107 euque

121 1120 178 1186 alii
202 1118 439 1214 lexicographi
472 1118 625 1204 tradunt,
658 1117 751 1186 idem
781 1119 876 1208 quod
907 1116 1043 1208 οὕτως,
1075 1120 1144 1206 εἰσ,
1177 1119 1240 1188 sed
1281 1125 1284 1129 ’

121 1223 188 1291 hoc
209 1224 286 1315 λρεσ
311 1224 436 1313 modo,
473 1216 656 1310 ω’ςαύνως,
696 1229 735 1288 ut
767 1220 960 1312 Hesychius
991 1221 1238 1313 interpretatur.

120 1327 201 1411 Nus,
229 1325 315 1395 eden
332 1349 390 1412 so,
415 1326 560 1419 gerude
584 1347 632 1393 so.
659 1325 876 1416 Quamquam
901 1327 984 1394 alios
1010 1326 1111 1395 etiam
1134 1325 1242 1397 habet

120 1430 335 1522 significatus.
385 1429 440 1535 lle
460 1429 615 1497 omnibus
633 1428 753 1496 ordina
778 1429 901 1500 dicam.

198 1635 252 1704 Αο
278 1633 394 1726 prima·
419 1633 619 1724 significatio
648 1641 713 1718 est,
750 1655 852 1722 quam
887 1632 993 1702 modo
1028 1655 1241 1703 commemo·

119 1737 210 1822 ravi,
249 1737 317 1806 hoc
344 1739 421 1829 ipso
455 1737 571 1804 modo.
632 1734 700 1807 Od.
730 1762 766 1807 π.
797 1734 882 1803 146.
916 1737 1102 1821 Eumaeus,
1135 1757 1241 1826 quum

119 1839 276 1910 Laertem
299 1850 376 1909 ante
400 1837 603 1908 Telemachi
627 1837 810 1908 discessum
846 1859 911 1908 neu
943 1841 1024 1910 oibo
1056 1861 1121 1909 neu
1154 1847 1242 1931 potu

121 1944 314 2025 abstinuisse
339 1950 524 2029 narrasset,
551 1939 663 2011 additu

223 2110 347 2212 udrdp
367 2115 434 2188 νῦν
456 2119 492 2199 ἐξ
519 2109 564 2187 οὖ
586 2107 672 2206 σύγε
695 2108 785 2207 ᾤχεο
807 2111 869 2210 νηῒ
885 2104 1062 2192 Πύλονδε,

224 2217 324 2294 οὔπω
343 2217 409 2313 μίν
430 2243 544 2314 φασιν
570 2217 731 2313 φαγέμεν
756 2213 816 2286 nul
841 2215 972 2307 πιέμεν
998 2213 1125 2297 οὕτωσ

123 2389 292 2460 sionna.
311 2394 343 2464 ο.
371 2389 431 2459 1u.
458 2417 489 2481 χ.
518 2382 606 2456 ινσ.
655 2370 762 2479 apua
787 2384 1001 2479 Sophoclem
1026 2387 1061 2455 aa
1085 2384 1173 2456 oea.
1200 2385 1243 2454 u
1349 2460 1350 2464 ¹
1396 2490 1401 2514 .

122 2492 210 2562 961.
235 2495 379 2579 nuncio,
405 2492 532 2562 dicenti

165 2676 169 2685 '
225 2661 309 2741 ἀλλ’
336 2661 445 2758 ὀλβία
470 2692 512 2738 τε
537 2658 598 2736 ναὶ
624 2655 685 2744 ξῦν
713 2655 849 2754 ὀλβίοις
875 2654 938 2732 οέλ

174 2826 177 2831 -
223 2771 386 2862 γένοιτο,
849 2834 854 2841 ,

107 2905 305 2998 'respondet
337 2905 489 2991 Iocasta,
624 2946 627 2953 -

204 3075 342 3158 uritur
368 3077 406 3151 di
431 3073 492 3148 νολ
517 3068 609 3168 σύγ’,
636 3067 665 3145 ὦ
691 3062 780 3155 ξένε.
844 3066 848 3073 ’
883 3072 891 3095 ’·

122 3247 207 3317 Inde
233 3257 282 3316 est
307 3239 489 3332 ω’ςούτοος,
516 3243 610 3333 quud
625 3241 780 3308 Homero
795 3260 930 3329 semper
953 3236 1084 3305 divisim
1110 3234 1244 3322 dieitur,

39 3379 41 3383 ·
124 3348 169 3433 οἷς
198 3345 234 3423 δ’
260 3347 387 3431 αὔτως,
413 3347 510 3415 Iliad.
536 3375 567 3438 y.
595 3342 682 3417 339.
709 3369 741 3439 η.
768 3339 855 3407 439.
881 3369 906 3413 ν.
933 3334 1021 3408 195.
1048 3366 1078 3408 ν.
1095 3334 1157 3407 25.
1176 3337 1245 3408 Od.

123 3484 154 3549 y.
181 3451 243 3520 64.
275 3460 302 3539 ζ.
329 3450 417 3518 166.
451 3479 476 3522 ι.
503 3448 563 3516 31.
598 3474 630 3519 ο.
665 3443 751 3512 238.
786 3473 823 3538 φ.
857 3441 943 3511 263.
978 3436 1064 3509 225.
1098 3440 1245 3547 χ.114,
1301 3493 1305 3497 .

125 3584 162 3629 ω.
190 3554 277 3625 469.
304 3554 499 3646 Sophocles
524 3550 652 3620 Trech.
675 3543 787 3650 1641.

545 3753 550 3763 ·
661 3720 709 3794 ἂν
736 3716 800 3792 οἷδ’
825 3717 988 3811 ἐπίδοιμι
1013 3714 1195 3790 πεσοῦσαν

199 3825 365 3917 οὕτως,
392 3821 457 3899 οἷδ’
484 3821 623 3911 οὕτως,
655 3821 700 3904 uic
724 3818 771 3916 μ’
801 3819 941 3897 ὤλεσεν.

178 4001 276 4070 ‘lam
299 3998 371 4067 hoe
397 3996 594 4065 adverbium
619 4003 677 4069 ant
701 3981 747 4061 ad
768 3988 845 4061 eum
866 3999 987 4059 statum
1004 3987 1159 4074 refertur,
1185 3986 1294 4077 qni75
1327 4062 1330 4067 Α

126 4103 272 4174 antehae
305 4101 388 4184 luit,
428 4109 485 4167 aut
522 4097 568 4166 ad
600 4106 819 4188 praesentem.
879 4095 917 4162 si
959 4091 1004 4158 ad
1035 4092 1149 4178 illum,
1188 4092 1268 4180 qui.
1328 4168 1329 4171 Ἴ

124 4205 285 4292 antehac,
311 4227 401 4297 pene
425 4202 518 4282 idem
543 4201 728 4292 significat,
757 4196 853 4290 quod
879 4194 1018 4284 adhuc,
1055 4195 1152 4297 nohis
1178 4195 1247 4265 im-

125 4332 203 4401 met
227 4310 329 4383 unuh.
380 4305 478 4395 uiae.
504 4325 545 4407 p.
563 4301 658 4373 267.
975 4398 1056 4470 Η
