2826 4904
463 114 510 176 IN
531 112 725 177 GRAECA
752 112 938 178 LINGVA.
1195 115 1258 178 lm

130 282 321 355 ticularnm
350 283 486 374 ellipses
520 293 788 368 enumeraverat,
831 283 964 354 addidit
994 285 1095 352 etiam
1125 283 1259 375 ellipses

134 387 306 481 quasdam
328 387 476 480 plurium
497 391 688 457 verborum.
745 389 851 477 Atqui
874 387 945 457 hoc
976 394 1103 455 temere
1129 409 1201 455 esse
1223 395 1259 454 et

136 491 214 559 sine
236 499 330 563 certo
352 491 492 558 consilio
512 491 661 575 factum,
685 513 728 559 ex
755 512 797 558 eo
819 491 1033 584 intelligitur,
1059 488 1153 580 qnod
1169 511 1259 558 nunc

133 594 175 662 in
199 594 354 684 pluribus
373 593 483 661 verbis
504 595 822 662 unatantum'notio
837 594 939 679 inest,
964 617 1053 662 nunc
1067 615 1136 662 uno
1151 594 1258 662 verbo

135 697 259 788 plnres
278 697 449 783 notiones,
470 720 512 768 ao
534 720 635 788 saepe
649 699 784 788 integra
797 696 909 785 aliqua
929 698 1089 764 sententia
1104 697 1257 765 contine-

136 813 212 877 tur,
265 800 379 883 Quare
402 822 483 885 noe,
523 810 748 892 posteaquam
777 799 822 867 de
851 800 1027 867 omissione
1051 799 1259 891 singularum

136 903 311 995 partium,
337 904 520 993 exquibus
542 926 698 993 quaeque
719 903 879 971 sententia
903 903 1091 992 composita
1112 911 1177 986 est,
1203 902 1258 971 di-

137 1007 267 1090 ximuS,
289 1027 379 1074 nnnc
401 1007 502 1074 etiam
521 1006 566 1074 de
592 1007 767 1075 omissione
791 1006 940 1097 plurium
966 1029 1007 1074 ex
1030 1004 1083 1072 his
1106 1004 1257 1095 partibus

140 1108 374 1199 quaerendum
395 1109 631 1197 existimamus.
682 1111 744 1178 Est
769 1121 881 1178 autem
903 1109 974 1177 hoc
991 1131 1098 1199 genus
1118 1108 1257 1199 duplex.

138 1213 231 1280 Nam
247 1221 361 1301 partes
377 1212 459 1279 istae
474 1235 580 1301 quum
604 1214 669 1281 sint
688 1235 828 1281 numero
843 1222 927 1300 tres,
952 1222 1010 1279 ant
1027 1211 1115 1280 duae
1128 1220 1258 1280 tantum

141 1315 354 1400 omittuntur,
380 1324 438 1383 aut
457 1337 582 1384 ornnes.

245 1419 298 1489 Ac
314 1418 402 1487 duae
418 1442 523 1507 quum
537 1419 749 1506 omittuntur,
774 1418 837 1486 has
857 1417 1009 1488 videmus
1024 1415 1258 1506 praedicatum

140 1529 176 1591 et
200 1521 363 1613 copulam
386 1545 474 1608 esse,
505 1547 593 1613 quae
616 1524 736 1591 eadem
767 1532 832 1607 est,
865 1544 969 1612 quam
995 1521 1091 1587 verbi
1124 1519 1258 1610 ellipsin

138 1623 248 1717 vulgo
264 1632 396 1694 vocant.
448 1624 561 1694 Omne
575 1626 663 1694 enim
677 1627 836 1709 verbum,
860 1633 997 1715 praeter
1011 1624 1153 1692 verbum
1171 1643 1257 1708 esse,

137 1727 202 1796 nisi
214 1727 275 1796 ubi
285 1728 323 1795 id
336 1733 478 1796 exstare
493 1729 678 1820 significat,
705 1751 746 1796 ex
760 1727 957 1818 praedicato
971 1736 1008 1796 et
1018 1729 1143 1818 copula
1159 1748 1258 1795 com-

137 1831 289 1922 positum
311 1840 370 1900 est.
421 1831 487 1917 At,
518 1832 644 1922 inquiet
666 1832 803 1922 aliquis,
830 1833 857 1899 si
882 1832 1070 1923 praedicati
1091 1832 1183 1898 nulla
1206 1838 1255 1897 cst

139 1934 280 2024 ellipsis,
304 1934 412 2002 multo
426 1936 534 2002 minus
545 1935 779 2026 praedicatum
796 1935 896 2002 simul
909 1958 987 2004 cum
1004 1933 1129 2022 copula
1145 1932 1253 1999 omitti
1260 1935 1320 1995 111

137 2036 276 2128 poterit.
325 2036 507 2104 Enimvero
519 2039 581 2103 nisi
595 2037 771 2127 singularis
783 2036 952 2123 quaedam
967 2035 1052 2100 ratio
1068 2034 1256 2120 accederet,
1290 2064 1293 2071 ·
1382 2032 1392 2043 ⁸

138 2139 312 2208 verissime
335 2135 406 2206 hoc
427 2137 637 2208 obiiceretur.
686 2138 816 2207 Vemm
828 2138 912 2205 istae
930 2137 1111 2206 verborum
1122 2137 1256 2228 ellipses

139 2263 259 2313 omnes
283 2241 318 2307 in
340 2261 408 2306 uno
429 2263 555 2331 genere
575 2250 764 2325 versantur,
802 2240 897 2331 quod
922 2240 1086 2308 eiusmodi
1113 2248 1180 2325 est,
1218 2247 1256 2306 ut
1363 2325 1366 2337 1

138 2344 329 2438 praedicati
350 2344 484 2411 omissio
504 2344 663 2412 idoneam
686 2344 915 2412 defensionem
931 2343 1086 2410 inveniat.
1135 2345 1257 2431 Neque

142 2449 232 2542 enim
247 2449 441 2515 universum
463 2448 715 2538 praedicatum,
753 2448 814 2515 sed
838 2470 916 2538 pars
939 2447 1008 2514 eius
1029 2446 1105 2513 talis
1129 2444 1256 2513 omitti-

140 2560 212 2637 tur,
245 2573 332 2641 quae
355 2550 463 2640 qualis
488 2550 545 2636 sit,
578 2574 619 2619 ex
642 2574 682 2618 ea
700 2560 816 2640 parte,
849 2574 937 2641 qnae
961 2557 1255 2633 commemoratur,
1360 2628 1372 2651 ,

140 2655 244 2723 facile
256 2653 402 2744 intelligi
414 2655 531 2743 possit.
582 2654 667 2723 Vtar
685 2654 797 2745 primo
814 2654 934 2722 Latina
953 2653 1143 2739 locutione,
1168 2651 1255 2744 qnid

141 2757 210 2824 hoc
232 2756 283 2824 ad
309 2779 382 2825 me:
414 2758 537 2847 inqua
567 2757 634 2825 hoc
655 2758 840 2838 subiectum
863 2768 929 2842 est,
968 2757 1156 2848 praedicati
1174 2777 1255 2846 pars

142 2858 230 2952 quid
246 2859 297 2927 nd
311 2882 386 2938 rne3
410 2860 478 2927 iam
500 2861 594 2949 quod
614 2861 827 2952 intelligitur,
855 2863 998 2946 attinet,
1022 2862 1057 2927 in
1081 2881 1124 2928 eo
1144 2869 1178 2926 et
1191 2881 1254 2926 co-

142 2963 228 3053 pula
246 2963 428 3047 invenitur,
456 2971 523 3047 est,
549 2965 732 3052 etreliqua
755 2987 833 3053 pars
856 2964 1059 3055 praedicati,
1092 2963 1254 3044 attinens,

142 3087 231 3155 quae
247 3088 351 3155 quum
369 3088 433 3155 per
447 3088 483 3132 se
497 3065 582 3132 nihil
595 3067 651 3149 sit,
677 3067 753 3132 satis
767 3067 897 3133 clarum
916 3075 982 3149 est,
1009 3087 1084 3131 eam
1100 3062 1255 3152 intelligi,

141 3169 249 3237 altera
261 3177 358 3259 parte
372 3168 499 3259 posita,
526 3167 663 3259 aliquid
678 3167 731 3234 nd
753 3189 818 3234 me.
871 3167 996 3235 Graeci
1019 3165 1139 3233 eadem
1153 3164 1255 3236 locu-

140 3272 411 3355 tionentnntur,
437 3271 497 3337 sed
518 3271 719 3362 simplicius:
733 3271 802 3359 -qui
817 3293 922 3359 quum
945 3268 1079 3354 dicunt,
1105 3267 1145 3342 τί
1159 3269 1252 3343 τοῦ·

139 3399 188 3447 το
207 3367 295 3470 πρδς
309 3376 376 3466 ἐμέ
378 3399 393 3461 ,·
419 3373 561 3465 intelligi
582 3373 719 3462 quidem
734 3383 849 3463 posset
861 3366 1049 3470 προςήκει,
1076 3372 1137 3440 sed
1148 3395 1253 3461 quum

138 3475 246 3544 iidem
261 3476 456 3567 simpliciter
475 3469 522 3549 ad
543 3470 630 3574 πρός
646 3505 684 3550 τι
706 3478 750 3545 de
774 3499 835 3562 eo,
868 3499 937 3567 qno
961 3475 1090 3566 aliquid
1110 3482 1252 3565 spectat,

141 3579 259 3649 dicere
281 3580 426 3665 soleant,
450 3589 707 3649 consentaneum
723 3588 789 3664 est,
816 3581 923 3648 solam
938 3581 1127 3670 intelligere
1142 3599 1252 3668 copu-

139 3683 232 3769 lam,
257 3691 296 3751 ut
312 3706 417 3772 quum
432 3684 547 3752 dicunt
569 3682 609 3755 τί
626 3681 709 3774 ἐμοὶ
726 3680 832 3755 τοῦτ’
858 3682 977 3773 ἑστὼς
1001 3681 1136 3750 Eadem
1156 3682 1252 3764 ratio,

87 3788 90 3792 ’
138 3809 244 3876 quam
257 3785 425 3855 inLatino
439 3787 502 3853 isto
518 3786 676 3875 exemplo
691 3785 998 3870 demonstravimus,
1022 3786 1057 3852 in
1073 3784 1144 3850 aliis
1161 3785 1252 3850 obti-
1319 3786 1325 3796 “

139 3899 200 3958 net
225 3889 379 3960 formulis
402 3891 502 3958 etiam
522 3887 616 3977 apud
637 3888 797 3958 Graecos.
855 3891 908 3957 Ita
929 3911 1035 3976 quum
1057 3887 1172 3954 dicunt
1197 3889 1251 3961 ἑνὶ
1309 3950 1310 3954 ,
1363 3972 1368 3992 .

139 3986 256 4090 λόγῳ,
282 3992 376 4082 quod
392 3993 506 4084 plene
527 3991 709 4059 dicendum
731 4002 817 4060 esset
839 3991 891 4064 ἑνὶ
920 3990 1013 4084 λόγῳ
1037 3991 1159 4061 εἰπεῖν.
1210 3992 1251 4059 In

137 4118 209 4185 qua
232 4096 404 4169 locutione
429 4120 473 4165 ne
496 4094 569 4186 quis
587 4102 685 4184 putet
703 4096 804 4163 etiam
826 4095 1012 4174 subiectum
1032 4113 1096 4183 per
1119 4093 1250 4187 ellipsin
