2826 4904
187 295 250 357 112
543 289 602 351 DE
621 288 950 352 DIFFERENTIA

186 464 310 548 habet,
335 465 415 552 quia
433 464 467 530 in
484 464 560 553 ipsa
575 463 773 554 repetitione
790 462 935 553 copulae
950 461 1016 531 alia
1028 460 1157 554 figura,
1168 430 1304 532 'anadi-

185 568 298 660 plosin
320 566 419 651 dico,
444 568 543 634 inest:

672 675 716 740 αἳ
736 668 774 740 δὲ
794 663 881 760 μετ’
903 661 1055 756 αότοός,

202 820 203 827 1
289 772 411 868 Κῆρες
431 765 600 858 κυόνεαι,
627 765 772 850 λευκοός
796 767 999 865 ἀραβεῦσαι
1026 765 1200 860 ὀδόντας,

290 875 476 959 δεινωποό,
501 873 676 969 βλοσυραί
692 901 754 961 τε,
782 872 953 967 δαφοινοὶ
975 869 1027 962 τ’,
1053 873 1212 972 ἄπλητοί
1226 902 1278 946 τε.

136 1026 178 1088 31
189 1011 303 1096 Quare
317 1009 496 1102 diligenter
512 1020 669 1079 caverunt
683 1010 807 1078 Graeci
828 1018 971 1099 poetae
996 1033 1039 1077 ue
1056 1010 1125 1076 duo
1141 1009 1303 1100 epitheta,

188 1138 275 1203 quae
297 1115 435 1202 quidem
454 1114 588 1181 nihil
558 1114 618 1180 msi
635 1123 790 1181 ornarent
812 1112 1015 1197 orationem,
1041 1113 1188 1204 copulae
1209 1114 1300 1180 auxi·

73 1212 82 1225 ”
186 1219 234 1284 lio
252 1210 501 1308 coniungerent
552 1218 647 1285 Bene
660 1217 747 1283 enim
761 1216 1011 1306 intelligebant,
1034 1216 1124 1285 hauc
1138 1217 1303 1299 rationem

150 1342 159 1363 ·
188 1343 256 1388 non
280 1343 442 1412 poeseos,
477 1319 535 1387 sed
558 1342 680 1410 prosae
703 1320 859 1387 orationis
880 1319 1056 1409 propriam
1082 1343 1162 1388 esse.
1224 1319 1302 1403 Quo

188 1424 310 1493 certius
335 1424 379 1491 de
402 1423 529 1492 haere
557 1432 701 1506 constet,
744 1422 900 1512 exempla
928 1423 1096 1510 quaedam
1126 1421 1302 1512 Aeschyli,
1355 1432 1358 1437 '

188 1527 329 1617 quaein
354 1527 554 1596 contrariam
577 1534 709 1616 partem
732 1525 845 1592 afferri
865 1535 1021 1614 possunt,
1054 1535 1214 1618 corrupta
1236 1549 1303 1594 esse

189 1629 373 1698 ostendam.
424 1631 559 1696 Horum
575 1629 645 1695 duo
663 1628 730 1694 iam
752 1628 832 1694 alibi
847 1627 1038 1714 emendavi,
1064 1653 1184 1713 unum,
1211 1629 1303 1718 quod

189 1744 239 1801 est
261 1734 295 1800 in
312 1735 452 1823 Septem
477 1732 521 1799 ad
535 1731 675 1798 Thebas
698 1754 728 1797 v.
746 1729 831 1797 316.
855 1732 889 1797 in
912 1733 1199 1803 observationibus
1214 1733 1319 1801 criti-¹

188 1836 261 1905 ticis
273 1859 309 1927 p.
320 1835 400 1921 46,
417 1837 476 1904 ubi
498 1857 564 1927 pro
579 1835 692 1903 uerbis
715 1834 994 1925 languidissimis,

679 1966 957 2068 ἀνδρολέτειραν

291 2100 351 2144 ιιαι
372 2099 442 2145 ταν
464 2071 694 2205 ρι’ψοπλον”
668 2100 784 2162 αταν,

188 2209 234 2276 ita
260 2209 475 2280 scribendum
502 2234 572 2279 esse
598 2211 717 2295 docui,

687 2342 967 2445 ἀνδρολέτειραν

292 2445 404 2539 ἄταν,
432 2448 612 2549 ῥίψοπλον
629 2447 742 2524 όταντ

187 2585 348 2671 alterum,
374 2586 469 2675 quod
485 2597 533 2654 est
552 2589 585 2655 in
602 2588 755 2655 extremis
776 2584 1011 2678 ChoephoriS,
1037 2587 1104 2655 alio
1120 2588 1221 2676 loco,
1247 2591 1304 2660 ubi

188 2687 224 2754 iu
249 2688 319 2772 his,

291 2817 549 2918 παιδόβοροιχ
550 2824 603 2895 ιὲν
627 2825 774 2922 πρῶτον
796 2824 956 2924 όπῆρξαν

291 2925 434 3020 μόχθοι
449 2919 598 3007 τάλανές
616 2956 657 3000 τε
674 2931 858 3020 Θυέστου,

188 3063 294 3130 verba
315 3089 356 3134 τε
348 3062 558 3146 Θυέστου,
596 3073 633 3130 ut
660 3065 835 3132 manifeste
857 3086 898 3133 ex
919 3068 1193 3156 interpretatione
1221 3078 1305 3154 orta,

189 3165 375 3233 omittenda
396 3166 519 3232 censui.
550 3205 553 3216 ·
578 3166 650 3235 Sed
677 3168 758 3235 alios
780 3193 867 3237 nunc
888 3170 983 3238 locos
1006 3169 1140 3238 addam.
1198 3172 1307 3264 Igitur

190 3270 225 3338 in
243 3268 449 3339 Prometheo
469 3293 500 3337 v.
515 3267 621 3355 403,
648 3272 707 3339 ubi
724 3276 925 3344 recentiores
941 3273 1046 3343 critici
1067 3274 1255 3362 ediderunt,

291 3400 520 3501 πρόπασαδ
544 3403 609 3506 ἤδη
629 3403 780 3484 στονόεν

292 3509 416 3580 λέλακε
439 3503 557 3630 χώρα,

288 3605 591 3705 μεχαλοσχήμονα
613 3607 770 3708 ιιοῖρχαι-

293 3711 433 3808 οπρεπῆ
456 3712 632 3784 στένουσα
653 3742 722 3788 ταν
744 3742 810 3788 σαν

291 3808 567 3909 ξυνομαιμόνων
587 3843 629 3888 τε
658 3816 784 3912 τίμαν,

84 4013 88 4016 .
189 3953 261 4042 quis
272 3975 340 4021 non
354 3952 472 4020 sentiat
488 3975 591 4039 quam
604 3951 766 4044 languide
781 3962 816 4022 et
827 3954 952 4046 frigide
964 3956 1081 4025 addita
1095 3957 1135 4025 sit
1154 3955 1308 4048 copula?

190 4056 260 4124 Sed
275 4058 362 4125 bene
381 4048 440 4122 est.
490 4057 579 4123 Nam
600 4057 697 4124 aliter
708 4058 916 4146 Aeschylum
934 4061 1102 4151 scripsisse
1117 4061 1308 4128 uonsolum

188 4158 292 4227 lectio
330 4158 493 4228 librorum
525 4153 829 4256 μεγαλοσχήμονά
866 4160 903 4234 τ’
937 4159 1211 4261 οἷρχαιοπρεπῆ,
1246 4163 1308 4232 sed

190 4261 290 4328 etiam
305 4263 425 4348 verba,
452 4285 539 4354 quae
562 4264 686 4334 suntin
706 4264 864 4357 stropha,
891 4269 1086 4362 λειβομένα
1107 4276 1141 4336 et
1163 4266 1306 4362 ἔτεγξα,
