2826 4904
391 296 441 367 IN
466 303 655 368 GRAECA
685 304 869 369 nuova
1116 312 1182 376 m

171 475 296 569 οὗτος,
323 472 407 552 εἰσί
419 505 490 551 τοι.

119 616 220 710 apud
233 612 447 708 Sophoclem
460 615 495 683 in
508 614 679 708 Antigona
692 637 724 684 v.
738 613 825 684 441.

171 752 210 826 σί
224 747 268 848 δή
276 807 291 842 ,
314 751 358 825 ’σὲ
376 744 444 848 τήν
461 746 635 826 νεύουσαν
649 755 683 834 ές
698 753 808 825 πέδον
822 745 926 846 κοίρα,

171 849 258 953 φής,
283 853 307 952 ἢ
330 859 505 951 καταρνεῖ
528 849 582 952 μή
605 855 816 950 δεδρακέναι
841 849 948 945 τοίδε,·

118 1001 177 1063 unt
198 992 356 1076 fortasse,
390 991 448 1080 qui
471 991 578 1060 simile
599 983 1047 1082 perfugium'quaerendum
1062 999 1183 1083 putent

121 1095 307 1191 participiis
329 1087 428 1176 ἰξόν,
454 1087 572 1191 παρόν
581 1148 594 1182 ,
622 1085 749 1183 δόξαν,
783 1094 993 1191 εἰρημένον,
1020 1089 1181 1192 α’ρξοίμε-

118 1227 154 1291 ν,
180 1208 214 1268 ct
234 1206 407 1288 quaesunt
422 1195 615 1265 huiusmodi
628 1194 703 1262 alia.
754 1195 853 1267 Haec
875 1219 956 1264 vero
972 1220 1182 1290 magnopere

118 1323 205 1388 reor,
243 1325 286 1370 ne
308 1323 377 1368 non
399 1301 588 1372 accusativo
612 1319 708 1383 casu,
746 1298 840 1388 quod
873 1299 996 1385 Bosio,
1032 1301 1248 1392 pessimcl't't

118 1405 353 1498 repositionem
376 1397 474 1497 μετοί
499 1426 535 1495 p.
559 1399 645 1470 729.
673 1399 762 1474 73⁰.
786 1402 1006 1496 intelligenti,
1039 1404 1182 1489 videtur,

118 1508 144 1594 1,
170 1516 208 1576 ut
227 1507 360 1574 iam-ad
378 1507 555 1599 Vigerium
577 1504 772 1598 significavi,
797 1508 1000 1575 nominativo
1021 1508 1181 1577 dicantur.

118 1634 161 1679 un
183 1611 386 1702 accusativus
407 1634 517 1701 neque
538 1608 795 1700 explicationem
817 1607 924 1676 habet
938 1609 1093 1693 facilem,
1118 1631 1183 1679 nec

118 1722 177 1799 ta,
203 1714 430 1803 quodsciam‚
455 1713 720 1782 testimoniorum
736 1710 807 1778 fide
820 1711 948 1778 nititurt
974 1711 1068 1800 quod
1087 1734 1182 1781 secus

144 1817 180 1884 in
209 1818 423 1884 nominativo.
480 1817 542 1894 Est
570 1815 658 1881 enim
683 1815 718 1880 in
749 1812 844 1882 hisce
869 1815 1111 1902 locutionibus,
1144 1824 1183 1883 nt

117 1919 226 1988 uidem
249 1920 416 2003 existimo,
454 1940 522 1986 non
542 1925 613 1985 tam
634 1917 813 2007 permixtio
837 1917 1006 2006 quaedam
1030 1918 1181 1987 diverso-

117 2045 143 2089 n
163 2022 325 2112 loquendi
343 2021 543 2105 modorum,
570 2043 672 2110 quam
690 2021 838 2088 transitio
858 2021 903 2091 ab
921 2023 987 2090 alio
1004 2020 1049 2090 ad
1066 2022 1180 2108 alium,

118 2147 177 2193 ero
192 2128 347 2217 abrupto.
399 2124 581 2216 Euripides
597 2122 729 2191 Phoen.
750 2122 837 2191 290.

168 2253 306 2352 μέλλον
330 2259 369 2331 δὲ
388 2259 545 2350 πεμπειν
563 2286 593 2351 μ
598 2255 781 2331 Οἰδίπου
796 2250 932 2338 κλεινός
950 2251 1055 2350 γένος

168 2367 327 2457 μαντεῖα
347 2353 483 2451 οεμνιί,
508 2356 704 2442 Λοξίου’
667 2387 690 2432 τ
729 2354 789 2434 ἐπ
805 2357 975 2481 ίσχοίρας,

169 2469 209 2537 ἐν
231 2459 320 2558 τῶδ’
348 2457 638 2560 incorporatione
655 2459 821 2561 Αρρεῖοι
839 2455 955 2534 πόλιν

117 2601 214 2670 lebat
229 2608 334 2691 poeta
350 2599 483 2684 dicere,
509 2600 647 2693 μέλλον
662 2625 710 2693 με
724 2600 882 2692 μέμπειν
906 2595 1060 2672 Οἰδίπου
1078 2592 1182 2693 γένος

116 2696 358 2800 εστρατευθη,
384 2701 446 2770 sed
468 2703 638 2795 abrumpit
656 2703 807 2793 priorem
824 2702 1122 2789 constructionem,
1148 2712 1183 2773 et

116 2807 288 2875 'ertaliam
341 2804 564 2898 Sophocles
554 2828 590 2873 ιιι
604 2804 693 2876 Ocri
715 2803 792 2874 col.
816 2801 928 2872 1119.

174 2937 331 3067 mesina,
356 2934 592 3039 μηθαιίμαζε
613 2967 703 3038 προς
721 2968 766 3014 το
757 2935 949 3065 λιπαρές,

168 3040 268 3118 τέκν’
291 3048 327 3117 εἰ
349 3045 486 3140 φανέντ
494 3040 665 3118 ἰίελπτα
680 3038 825 3141 μηκένω
847 3038 972 3137 λόγον·

116 3202 172 3250 um
198 3180 311 3250 dicere
331 3180 493 3249 vellet'
457 3206 490 3253 ει
512 3180 621 3255 τέκνα
642 3175 802 3260 ἀέλπτως
822 3180 983 3273 φανέντα
1006 3173 1179 3276 μηκύνειν

134 3289 237 3356 ποιεῖ
265 3275 388 3402 λόγον..
443 3281 544 3365 Quae
570 3281 656 3349 ratio
692 3281 855 3369 loquendi
887 3301 992 3368 quum
1015 3281 1182 3371 coepisset

116 3384 281 3471 thaberi,
308 3386 391 3452 acsi
408 3385 542 3457 τέκνοιν
566 3382 752 3500 φανέντων
771 3381 956 3466 diceretur,
979 3380 1108 3452 factum
1122 3392 1181 3470 cst,

129 3489 165 3556 in
181 3487 383 3577 quibusdam
401 3486 547 3555 maxime
565 3483 751 3578 participiis
776 3484 878 3553 ctiam
897 3484 956 3553 ubi
979 3507 1048 3554 uon
1068 3496 1182 3578 posset

122 3639 133 3678 ,
173 3600 213 3659 ut
245 3591 358 3675 initio,
397 3587 575 3680 explicari,
609 3588 779 3657 brevitatis
811 3597 926 3658 caussa
957 3598 1181 3695 usurparetur

115 3692 249 3787 nipides
266 3691 440 3762 Heraclid.
465 3690 520 3761 6

169 3823 239 3924 ἰγοί
262 3824 331 3924 γοίρ
356 3834 475 3912 αἰδοῖ,
501 3824 561 3899 καί
580 3853 624 3898 το
648 3827 810 3920 συγγενές
828 3828 953 3921 σέβων,

171 3927 251 4014 εξόν
266 3961 335 4004 κατ
341 3927 535 4029 ’Ἄργος
513 3928 658 4054 ησυχοίς
667 3928 806 4009 ναίειν,
833 3923 952 4002 πόνων

170 4034 345 4108 πλείστων
361 4036 538 4127 μετέσχον
561 4026 610 4111 εἷς
634 4023 725 4130 α’νήρ
747 4031 953 4129 Ἡρακλέει.

1317 2714 1338 2757 Ι
