2826 4904
149 1176 238 1263 on
297 1175 762 1266 eunucnrnns
822 1177 1258 1288 ovrssvsnam

147 1302 677 1453 Annrcnsnnuvm
704 1360 1176 1455 urssnunauuo
1200 1352 1256 1486 2⁸).

145 1936 371 2065 Linguamm
394 1973 561 2066 cognitio,
591 1995 678 2064 quae
698 1984 784 2066 'pars
806 1981 856 2042 est
880 1970 1056 2060 historiae,
1082 1972 1185 2060 duos,
1214 1975 1280 2044 uttl
1397 2014 1399 2018 »

145 2076 280 2143 omnino
296 2076 452 2162 historia,
477 2079 587 2146 fontes
601 2077 722 2146 babet:
745 2101 865 2163 unum,
890 2078 949 2166 qui
962 2087 1255 2146 monumentorum
1328 2078 1331 2083 ’

143 2180 345 2266 testiumque
366 2180 560 2248 auctoritate
579 2181 782 2261 continetur3
807 2180 968 2263 alterum,
998 2180 1056 2267 qui
1076 2180 1256 2248 iuratione

145 2289 193 2349 cst
213 2289 314 2368 atque
336 2281 556 2372 intelligentia
573 2283 712 2372 positus.
771 2282 859 2350 Nam
878 2283 957 2365 etsi,
992 2281 1076 2370 quid
1098 2283 1256 2350 usitatum

142 2383 200 2468 sit,
227 2383 311 2470 quid
331 2384 458 2450 nonsit
477 2383 659 2469 usitatum,
683 2406 751 2451 non
773 2394 885 2475 potest
906 2384 1060 2469 aliunde,
1086 2407 1188 2474 quam
1214 2406 1255 2453 ex

142 2487 364 2553 monumentis
380 2509 421 2556 ac
435 2480 572 2554 testibus
588 2488 766 2579 cognosci:
791 2497 920 2572 tamen,
946 2487 1104 2576 qnoniam
1129 2496 1164 2556 et
1177 2508 1255 2554 mo-

144 2598 301 2656 numenta
325 2612 568 2680 saepenumero
590 2600 749 2681 corrupta
768 2599 860 2675 sunt,
887 2600 921 2658 et
937 2599 1055 2674 testes,
1081 2612 1254 2682 gramma-

143 2691 226 2759 ticos
245 2688 342 2777 dico,
368 2693 415 2761 sic
437 2692 574 2759 demum
597 2693 725 2783 aliquid
745 2695 910 2786 probant,
935 2693 962 2760 si
984 2693 1175 2782 probabilia
1199 2693 1254 2760 di-

146 2802 241 2878 cunt,
261 2797 446 2886 praecipua
468 2795 636 2884 quaedam
658 2820 738 2867 cura
755 2799 790 2865 in
813 2820 854 2866 eo
876 2794 1036 2888 ponenda
1058 2805 1125 2881 est,
1153 2804 1191 2865 ut
1212 2817 1254 2864 ex

145 2899 303 2985 cuiusque
330 2898 380 2965 rei
406 2898 534 2967 ratione
557 2909 798 2991 cognoscatur,
831 2900 977 2992 genuina
999 2921 1042 2966 an
1070 2898 1254 2990 depravata

144 2999 183 3066 sit
204 3000 383 3090 scriptura,
423 3003 699 3094 grammaticique
729 3013 821 3073 recte
850 3028 893 3071 an
915 3025 1008 3071 secus
1032 2998 1252 3094 praecipiant.

145 3101 221 3187 Qua
246 3106 399 3172 cautione
421 3105 456 3171 in
481 3104 534 3172 his
563 3107 706 3175 maxime
727 3107 889 3175 utendum
919 3116 984 3188 cst,
1014 3126 1101 3193 quac
1131 3104 1252 3174 abhis
1345 3104 1346 3107 ’

143 3207 387 3296 grammaticis,
420 3208 479 3295 qui
496 3207 669 3276 Atticistae
691 3198 884 3291 vocantur,
902 3207 1024 3272 tradita
1047 3213 1130 3271 sunt.
1181 3204 1252 3289 Qui

143 3330 247 3397 quum
265 3332 375 3398 neque
399 3310 442 3377 ab
467 3309 674 3397 antiquitate,
714 3332 825 3397 neque
852 3332 873 3374 a
897 3305 1077 3374 subtilitate
1106 3305 1252 3375 multum

143 3412 440 3488 commendationis
469 3409 633 3496 habeant,
665 3421 737 3478 tnm
760 3434 801 3479 co
823 3431 958 3499 qnoque
983 3431 1084 3498 saepe
1106 3412 1252 3501 suspecti

142 3523 233 3599 sunt,
258 3516 353 3605 qnod
377 3524 561 3606 praecepta
584 3538 643 3583 sna
664 3537 753 3585 nnnc
773 3537 813 3582 ex
833 3510 965 3604 parum'
978 3509 1131 3604 diligenti
1154 3522 1251 3581 vete-

140 3639 216 3686 rum
239 3619 440 3709 scriptomm
460 3618 624 3704 lectione,
649 3641 738 3688 nuuc
760 3642 779 3686 e
797 3618 920 3686 vitiosis
938 3613 1111 3686 codicibus
1131 3615 1252 3683 viden-

140 3727 193 3790 tur
207 3719 368 3790 hausisse.
420 3720 633 3810 Omninoque
646 3721 717 3790 hoo
732 3722 781 3788 illi
797 3723 960 3813 agebant,
986 3727 1041 3802 ut,
1067 3741 1153 3807 quac
1167 3719 1249 3808 plu-

137 3824 262 3891 rimum
286 3826 330 3893 ab
360 3824 478 3893 Atticis
508 3834 668 3916 usurpata
696 3825 864 3910 viderent,
902 3833 1073 3912 tamqnam
1094 3822 1249 3912 exempla

138 3926 274 3996 Graece
296 3928 514 3996 scribentibus
531 3936 779 4019 proponerent,
811 3927 938 3996 rariora
959 3931 1088 4008 autem,
1123 3933 1162 3991 nt
1185 3946 1248 3992 ne-

134 4024 321 4121 gligentius
344 4031 486 4123 scripta,
515 4030 611 4099 vitari
632 4031 794 4101 iuberent.
846 4031 1060 4119 Quamquam
1074 4049 1155 4096 vero
1171 4049 1249 4096 usus

129 4196 339 4220 *nn-¹—

177 4278 211 4378 *J
233 4301 324 4364 nna
346 4312 392 4368 ut
413 4325 440 4367 a.
463 4309 556 4375 1810.
