2826 4904
99 337 159 403 ‚d
400 335 472 396 DE
521 335 997 400 uvuuAMENuo

138 506 226 575 rinm
238 515 295 576 est.
321 505 485 580 Puniendi
500 529 616 579 caussa
632 507 719 578 enim
733 514 772 573 ut
786 505 887 578 alicui
900 506 1026 576 malum
1039 507 1148 595 detur,
1170 505 1255 574 nihil

141 616 192 678 est
205 609 297 677 aliud
311 632 415 701 opus,
439 633 541 701 quarn
559 620 595 697 ut
608 609 775 679 admiserit
789 610 950 680 iniuriam.
1000 611 1134 679 Deinde
1150 633 1255 698 quum

140 712 175 779 vi
195 710 347 781 defendit
363 713 435 780 iura
449 736 508 783 sua
521 713 648 797 laesus,
671 735 740 781 non
755 711 832 802 plus
853 713 951 798 mali,
977 737 1079 803 quam
1097 712 1141 781 ad
1158 736 1255 781 aver-

140 813 278 883 tendam
301 815 455 886 iniuriam
484 836 576 906 opus·
597 826 661 902 est,
694 816 808 886 facere
834 816 982 885 laedenti
1006 826 1132 908 potest,
1165 816 1255 904 quia,

141 917 236 1006 quod
250 917 336 987 ultra
349 918 463 1005 fieret,
488 919 573 986 iusta
588 940 703 989 caussa
722 918 963 987 destitueretur.
1015 919 1130 1003 Quum
1143 928 1256 986 antem

141 1019 337 1110 satisfactio,
363 1043 450 1109 quae
473 1021 565 1093 laeso
585 1022 628 1090 ab
647 1021 801 1091 laedente
820 1021 1020 1112 praestanda
1035 1032 1104 1108 est,
1129 1022 1256 1088 malurn

142 1123 309 1207 continet,
334 1122 393 1193 hic
408 1146 562 1215 quoque,
586 1125 713 1216 pariter
727 1135 765 1195 ut
780 1136 892 1211 antea,
917 1146 985 1192 non
997 1133 1111 1214 potest
1130 1125 1256 1214 quaeri,

141 1233 302 1312 quantum
326 1237 480 1316 oporteat
501 1227 571 1296 boc
596 1227 681 1295 mali
711 1250 799 1313 esse,
831 1227 893 1296 sed
919 1238 1081 1317 quantum
1105 1250 1184 1293 vere
1205 1228 1255 1295 sit

141 1327 291 1397 Tantum
312 1329 374 1398 erit
398 1339 529 1415 autem,
554 1339 715 1420 quantum
743 1329 873 1398 evitae
898 1353 979 1399 suae
999 1329 1257 1399 iucunditatibus

141 1429 280 1500 laedens
314 1429 526 1502 dissolvenda
564 1433 680 1501 iniuria
714 1434 857 1501 amittitr
901 1433 959 1522 qui
985 1442 1115 1501 tantum
1151 1434 1256 1516 abest,

142 1530 211 1602 hac
224 1555 262 1601 re
283 1543 321 1604 ut
339 1557 472 1625 semper
492 1536 652 1603 damnum
673 1533 792 1605 faciat:
817 1535 916 1603 etiam
938 1535 1105 1602 interdum
1124 1534 1258 1603 videtur

142 1633 271 1726 aliquid
286 1635 419 1706 lucrari.
455 1638 502 1710 At
520 1659 601 1706 vero
616 1658 748 1727 poenae
762 1637 790 1704 si
804 1638 878 1727 quis
895 1635 1016 1706 modus
1032 1647 1098 1723 est,
1110 1639 1155 1721 is,
1170 1659 1258 1724 quo-

142 1739 233 1808 niam
247 1737 292 1808 ad
313 1761 460 1830 poenam
480 1739 582 1826 nihil,
607 1739 669 1809 uisi
689 1750 727 1808 ut
746 1739 837 1808 facta
851 1741 892 1811 sit
911 1740 1046 1825 iniuria,
1070 1740 1257 1828 requiritur,

142 1861 185 1910 ex
198 1841 292 1909 nulla
306 1843 370 1910 alia
383 1865 441 1928 ro,
461 1865 563 1932 quam
580 1865 621 1913 ex
633 1842 804 1912 malefacti
820 1852 938 1910 natura
950 1843 1013 1909 erit
1027 1841 1257 1910 aestimandus.

141 1943 297 2031 Denique
316 1966 422 2034 quum
444 1945 512 2013 alia
533 1947 574 2013 sit
590 1946 670 2016 mali
690 1944 894 2012 admovendi
906 1968 1040 2029 caussa,
1065 1945 1196 2011 siillud
1212 1942 1259 2011 ad

142 2045 337 2138 cogendum
353 2047 572 2128 adhibeatur;
596 2049 673 2132 alia,
699 2047 771 2115 siin
784 2047 1009 2117 satisfactione
1021 2047 1113 2126 iusit3
1138 2047 1215 2130 alia,
1231 2046 1259 2112 si

40 2198 55 2233 ‚-
140 2148 303 2240 puniendi
314 2151 423 2241 gratia
434 2151 616 2242 irrogetur:
641 2172 777 2219 necesse
792 2159 858 2235 est,
883 2159 921 2220 ut
936 2150 1042 2218 altera
1054 2149 1136 2216 mali
1150 2148 1258 2216 illatio

143 2250 284 2320 ulteram
305 2275 375 2320 non
396 2253 570 2338 excludat,
595 2251 753 2344 idemque
774 2251 900 2338 homo,
927 2274 1029 2344 quern
1050 2253 1098 2320 vis
1122 2252 1203 2320 laesi
1226 2260 1260 2318 et

116 2360 120 2369 ’
141 2354 309 2448 reparatio
321 2354 459 2424 iniuriae
472 2355 665 2442 afflixerint,
691 2376 803 2446 poena
823 2355 958 2446 insuper
975 2355 1131 2446 castigari
1144 2355 1259 2446 possit.

242 2457 316 2527 Iam
328 2468 550 2551 posteaquam
565 2459 610 2528 de
627 2460 763 2527 notione
776 2480 909 2548 poenae
925 2458 1113 2547 expositum
1129 2466 1194 2542 est,
1214 2455 1261 2525 ad

142 2556 180 2624 id
202 2561 367 2629 accedere
396 2563 568 2645 convenit,
601 2559 699 2648 quod
720 2560 917 2650 perquirere
944 2557 1013 2667 hpc
1035 2559 1260 2649 disputatione

102 2748 105 2755 ⁴
142 2660 349 2730 instituimus.
382 2661 444 2732 Est
460 2672 572 2729 autem
582 2660 672 2730 haec
690 2662 789 2729 nobis
803 2659 848 2730 ad
868 2660 1115 2756 persoguendum
1128 2681 1260 2750 propo-

61 2780 65 2787 ’
142 2760 204 2829 sita
220 2764 387 2852 quaestio,
412 2773 524 2833 utrum
538 2763 623 2831 inter
638 2764 698 2831 illa
710 2763 800 2847 iura,
814 2785 903 2854 quae
914 2771 1032 2833 natura
1048 2763 1143 2831 dedit
1155 2763 1260 2848 laeso,

141 2866 305 2956 puniendi
318 2867 370 2934 ius
386 2865 631 2934 numerandum
647 2868 699 2952 sit,
715 2889 758 2934 an
772 2865 870 2951 illud,
885 2865 947 2935 uisi
960 2867 1004 2932 ab
1019 2866 1090 2934 aliis
1102 2865 1261 2933 traditum

43 3001 46 3005 >
104 3042 107 3047 ⁴
143 2976 244 3056 utque
266 2988 479 3055 concessum,
504 2990 604 3039 nemo
625 2966 770 3041 habeatz
795 2991 884 3061 quae
907 2968 1087 3061 disputatio
1110 2978 1147 3037 ut
1168 2978 1261 3038 recte

141 3079 244 3162 atque
262 3071 381 3141 ordino
400 3081 577 3158 tractetur,
603 3073 710 3140 abeo
733 3094 787 3139 res
808 3071 915 3139 omnis
936 3072 1121 3162 repetenda
1135 3080 1201 3156 est,
1226 3071 1262 3138 in

142 3194 211 3262 quo
227 3173 304 3242 fons
320 3184 355 3244 et
369 3176 468 3266 origo
484 3185 534 3243 est
550 3175 656 3243 omnis
668 3175 757 3243 iuris.
783 3175 838 3247 Ac
852 3173 948 3242 dedit
963 3173 1155 3244 hominibus
1170 3173 1261 3242 hanc

22 3324 26 3333 -
141 3275 257 3369 legem
266 3277 371 3365 ratio,
389 3279 519 3370 quippe
535 3279 693 3369 seipsam
705 3277 886 3347 dissolvere
898 3278 1070 3365 nequiem,
1095 3287 1143 3362 ut,
1160 3276 1261 3364 quid-

142 3376 226 3469 quid
239 3389 358 3476 agant,
373 3382 483 3471 ipsam
494 3383 564 3451 sire
578 3383 614 3450 in
627 3404 663 3450 se
676 3381 756 3472 ipsis
768 3381 841 3451 sive
855 3381 970 3467 inaliis
984 3389 1133 3450 sanctam
1152 3379 1262 3446 invio-

48 3540 52 3547 .
142 3480 313 3573 latamque
328 3481 486 3552 habeant.
534 3484 619 3553 Inde
643 3484 787 3553 nascitur
810 3482 882 3558 hoc
902 3505 986 3574 erga
1001 3484 1084 3552 alios
1098 3481 1261 3565 officium,

120 3606 187 3652 ne
210 3584 284 3674 quis
307 3607 426 3655 eorum
445 3587 589 3657 liberam
608 3586 828 3674 voluntatem,
853 3594 1018 3676 quatenus
1041 3585 1102 3653 illa
1123 3583 1262 3674 quidem

9 3760 19 3771 ,
143 3687 264 3756 rationi
276 3700 497 3760 consentanea
508 3700 577 3776 est,
601 3691 716 3758 laedat
730 3699 830 3779 atque
845 3687 1008 3758 offendat.
1046 3688 1169 3775 quue
1182 3687 1262 3755 offi-

144 3790 198 3861 oio
214 3792 378 3863 servando
393 3815 493 3862 omne
507 3793 558 3862 ius
571 3794 767 3862 continetur.
791 3793 891 3864 Haec
910 3790 1000 3860 enim
1013 3790 1173 3861 videlicet
1188 3791 1262 3860 iure

142 3891 218 3963 fieri
235 3894 407 3984 dicuntur,
432 3917 520 3985 quae
539 3895 717 3986 prohiberi
739 3895 783 3963 ab
797 3895 872 3962 aliis
887 3915 955 3962 non
973 3903 1129 3985 possunt,
1156 3915 1262 3983 eaque

143 4004 220 4065 sunt
242 3997 303 4065 illa
324 4001 414 4090 ipso,
441 4021 529 4087 quae
549 3998 642 4067 salva
662 3997 796 4069 rationis
819 3996 982 4088 dignitate
1002 3997 1097 4066 fiunt
1144 3994 1262 4084 Itaque

142 4120 248 4189 quum
261 4099 389 4169 malmn
401 4101 495 4186 dare,
520 4101 624 4192 siper
639 4108 865 4190 respectatur,
890 4099 1046 4169 iniustum
1060 4101 1111 4184 sit,
1126 4119 1262 4169 necesse

143 4210 206 4288 est,
221 4202 249 4269 si
263 4202 350 4272 illud
360 4204 522 4297 puniendi
534 4205 645 4296 gratia
659 4203 788 4274 licitum
801 4225 872 4271 esso
889 4203 1106 4286 arbitramur,
1123 4210 1160 4268 ut
1175 4199 1261 4267 iniu-

144 4303 209 4391 ria,
234 4328 337 4397 qnam
361 4307 435 4396 quis
457 4300 716 4400 perpetraverit,
742 4307 890 4396 aliquam
913 4328 1065 4376 caussam
1085 4303 1262 4387 contineat,
