2826 4904
177 311 238 378 DE
253 312 370 379 VEBB.
384 311 490 391 Qvlu.
503 311 649 376 omer
665 302 808 374 mcffi
822 310 969 389 ston.
979 311 1174 379 nummu.
1205 316 1251 379 π

135 508 208 577 qua
221 508 338 557 oum
351 487 427 556 lieri
440 485 581 572 debeat,
607 485 733 557 deinde
750 486 912 578 explieat,
938 495 1041 576 atque
1059 484 1251 556 reoffmime

136 592 228 662 Nm
247 591 295 659 ad
312 592 446 660 laevam
465 591 700 680 llensequus
719 601 837 658 natura
856 589 1252 674 duoenonnisisinistra,

138 693 185 762 ad
203 693 359 763 dextram
381 703 495 762 autem
513 716 583 761 non
601 694 666 762 nisi
686 694 806 763 dextra
823 694 957 761 tolutim
971 693 1023 761 ire
1032 691 1130 761 solet
1180 692 1253 760 lta-

137 819 207 887 que
220 796 265 864 in
283 797 454 866 flectendo
472 797 622 865 maxime
639 798 718 887 equi
735 792 842 865 'rudes
863 797 910 865 ad
927 796 1096 865 mlutilem
1117 817 1252 865 eorsum

136 898 290 994 natiguri
315 901 443 985 solent,
466 900 548 990 qnia
561 899 609 969 sic
624 922 696 969 non
717 909 769 968 est
788 899 1024 984 metuendum,
1055 900 1253 989 qundrecta

138 1004 348 1073 currentibus
366 1003 526 1075 accidere
544 1004 649 1089 solet,
685 1011 726 1072 ut
741 1004 888 1094 pedibus
903 1024 1064 1094 perverse
1082 1002 1253 1071 alteritatis

137 1115 197 1176 ant
212 1106 347 1193 dextra,
372 1130 477 1198 quum
498 1107 626 1175 sinistra
646 1107 788 1192 debent,
820 1106 966 1191 sinistra,
1001 1128 1107 1194 quum
1125 1105 1254 1173 debent

137 1208 275 1296 datto,
308 1219 367 1279 aut
386 1211 533 1302 deniqne
556 1211 775 1279 anterioribus
797 1210 943 1301 pedibus
963 1208 1101 1295 dextra,
1133 1216 1252 1299 poste-

138 1313 284 1381 rioribus
305 1314 451 1400 sinistra,
481 1314 539 1383 vel
561 1314 731 1386 oontrario
748 1314 856 1382 modo
880 1312 1047 1382 inoedant
1105 1311 1177 1381 Sed
1197 1310 1254 1379 di-

138 1415 289 1486 eendum
309 1439 399 1487 nune
421 1425 472 1486 est
491 1417 538 1484 de
560 1416 793 1505 ἑπισκελίσει,
827 1417 923 1506 qnod
937 1416 1080 1485 verbnm
1107 1415 1254 1507 longer-

138 1517 285 1589 mannus'
299 1520 346 1589 ad
363 1522 544 1590 Pollucem
557 1520 584 1589 1.
600 1519 686 1595 214.
711 1521 894 1589 rectissime
914 1517 1135 1610 Xenophonti
1157 1518 1254 1586 resti-

138 1622 211 1690 tnit
261 1625 350 1692 Nam
371 1624 466 1715 qnod
483 1624 664 1716 legebatur
678 1623 900 1712 ἐπικλίσεως,
925 1622 1167 1712 ineptissimum
1188 1628 1254 1690 est:

139 1726 236 1816 qnod
254 1729 396 1796 verbum
414 1751 522 1819 quum
540 1751 611 1796 non
622 1728 728 1819 possit
748 1727 842 1795 aliud
862 1725 1027 1816 quiddam
1047 1724 1110 1792 nisi
1127 1724 1254 1793 flexum

139 1827 347 1920 uigrdfieare,
372 1832 456 1921 quid
470 1832 631 1900 attinebat
645 1831 776 1915 dicere,
801 1828 1006 1899 flectendum
1028 1849 1103 1897 esse
1116 1849 1255 1917 equum,

139 1955 245 2020 quum
271 1934 486 2005 flecteretur?
524 1933 597 2004 Sed
618 1934 664 2002 de
689 1931 902 2008 ἑπισκέλίσει
915 1933 1087 2002 obscurius
1105 1931 1255 2022 loquitur

138 2035 272 2105 Pollux.
323 2037 550 2136 Στηρικτέον
561 2038 601 2112 δὲ
617 2030 745 2125 αὐτόν,
770 2037 893 2126 inquit,
919 2034 1011 2109 ὅταν
1027 2033 1167 2116 o‘i'oooc
1180 2033 1255 2130 ἄρ-

138 2164 250 2236 χηται
271 2140 335 2235 τῆς
354 2141 612 2222 ἐπισκελίσεως·
653 2141 871 2213 menedimo
885 2139 937 2228 ,ol
958 2137 1133 2229 Ξενοφῶν
1155 2141 1259 2209 καλεῖ

136 2234 211 2333 τήν
236 2234 438 2336 ἀρχὴτῆς
460 2242 534 2313 τοῖν
555 2239 676 2313 ποδῶν
698 2235 876 2332 κινήσεως.
932 2238 1031 2305 Patet
1051 2258 1151 2323 vern,
1177 2259 1257 2306 eum

136 2341 193 2410 rei
214 2341 371 2432 ignamm
387 2342 498 2409 fuisse.
548 2343 628 2409 Non
648 2339 738 2407 enim
751 2340 963 2421 ἑπισκέλισις
972 2340 1008 2407 in
1021 2338 1259 2430 Xenophontis

136 2445 222 2513 loco
259 2443 449 2536 significare
480 2453 593 2536 potest
628 2442 759 2509 initium
780 2441 911 2533 pedum
932 2444 1257 2532 promovendorum,

138 2548 274 2638 qnippe
294 2546 390 2636 quod
411 2548 512 2615 etiam
533 2548 569 2614 in
590 2567 726 2636 passum
744 2553 782 2613 et
800 2545 951 2634 quemvis
968 2545 1072 2613 alium
1092 2545 1258 2614 incessum

138 2651 341 2741 quadraret,
368 2650 429 2717 sed
445 2651 536 2718 illins
548 2649 678 2742 pedum
696 2657 807 2716 motus
819 2646 949 2714 initium
960 2647 1104 2733 indicat,
1130 2650 1189 2738 qui
1208 2655 1258 2717 est

138 2757 177 2823 in
196 2752 308 2845 gradu
324 2754 458 2821 tolutili.
508 2752 553 2822 ld
566 2774 627 2820 nos
649 2751 684 2818 in
708 2773 798 2839 eqno
820 2751 1057 2846 nnepriugeu,
1085 2760 1120 2821 et
1131 2773 1257 2844 equum

139 2855 241 2928 adid
262 2856 402 2928 incitare
423 2877 652 2952 urupreugeu
671 2855 893 2947 appellamus.

243 3062 436 3156 Sequuntur
456 3060 546 3134 lmoo
566 3060 661 3153 apud
693 3057 977 3151 Xenophontem:
1016 3058 1193 3135 ἱππασίαν
1218 3066 1242 3136 δ

140 3168 365 3263 ἐπαινοῦμεν
387 3160 456 3266 τήν
477 3167 589 3265 πέδην
612 3165 847 3261 καλουμένην.
873 3158 934 3238 ἐπ’
961 3155 1174 3262 ἀμφοτέρας
1185 3158 1256 3263 ydp

140 3419 346 3444 Μ

141 3619 197 3686 orel
214 3627 269 3705 τῆς
286 3623 493 3702 insumuntur
522 3623 653 3710 ἄρχοιτο.
702 3625 892 3688 Postulatum
914 3631 960 3689 ert
981 3621 1105 3686 tolutim
1127 3621 1259 3684 sinistro.

141 3707 249 3788 ltaque
276 3731 371 3792 equus
397 3713 434 3773 ab
462 3712 571 3774 dextro
593 3732 669 3793 gyro
687 3711 727 3772 ad
751 3713 872 3773 laevum
894 3705 1134 3788 transgrediens,
1166 3726 1260 3785 quum

142 3794 265 3857 sinistra
281 3799 400 3859 tolutim
420 3798 519 3859 iturus
538 3799 693 3859 sinistrum
712 3798 819 3877 pedem
832 3799 1009 3858 anteriorem
1022 3792 1129 3853 tollere
1144 3789 1262 3869 debeat,

140 3877 204 3942 hoe
218 3881 297 3960 pede
315 3883 458 3964 incipiet,
477 3904 538 3944 non
558 3885 671 3960 alter03
693 3882 844 3962 simulque
864 3903 899 3944 eo
915 3882 982 3963 ipso
1005 3885 1170 3951 momento,
1198 3896 1260 3954 quo

84 4015 89 4031 .
142 3965 350 4029 sinistrorsum
373 3970 523 4046 flectitur,
557 3978 641 4029 motu
670 3967 782 4049 pedum
811 3977 926 4028 mutato
957 3960 1080 4026 tolutim
1112 3961 1261 4041 prosiliet.

140 4043 339 4136 Muaorptpos
357 4054 565 4130 autemdicit,
588 4052 670 4134 quod
692 4072 786 4133 quum
807 4052 927 4112 initium
950 4045 1096 4110 curriculi
1117 4045 1155 4107 ab
1173 4048 1261 4109 loeva

141 4136 258 4198 fuctum
270 4148 349 4201 es'aet
361 4137 493 4220 primum
506 4157 616 4218 passu,
638 4138 746 4199 deinde
758 4137 901 4200 celeriore
923 4152 1025 4209 eursu,
1047 4132 1079 4191 in
1095 4151 1155 4212 quo
1164 4139 1262 4194 truna-

140 4220 220 4284 imm
245 4233 311 4285 erut
336 4225 377 4286 ad
396 4223 539 4284 dextrum
555 4222 668 4296 orbem,
692 4242 786 4302 quum
800 4242 840 4285 ex
852 4242 887 4284 eo
909 4220 984 4284 orbe
1002 4235 1125 4282 rursum
1142 4217 1181 4282 ad
1198 4218 1262 4283 loe·

141 4327 217 4406 pum
237 4322 347 4392 gyrum
366 4309 505 4392 reditur,
530 4304 652 4371 tolutim
671 4302 810 4389 imperat.
836 4300 839 4307 ’
