2826 4904
204 341 269 405 228
432 335 491 400 DE
517 332 701 399 ELLIPSI
720 333 779 396 ET
802 329 1084 396 PLEONASMO

205 507 357 592 facinus,
382 505 523 576 facimus
541 529 582 575 eo
597 507 747 592 oonsilio,
765 515 802 574 ut
822 504 981 575 cedamus
995 501 1200 575 necessitati:
1222 497 1319 574 cuius

204 612 255 680 rei
279 633 383 699 quum
406 611 609 680 contrarium
627 612 684 696 sit,
713 608 979 701 sponte-aliquid
1000 608 1128 690 facere,
1155 602 1227 674 hoc
1251 624 1317 694 pro

205 714 267 783 illo
280 715 478 782 nominatur.
527 714 645 802 ltaque
660 735 730 812 pro
749 735 808 797 eo,
835 710 928 799 quod
943 708 1192 806 dicidebebat,
1208 704 1317 799 focio

206 816 292 902 hoc,
316 824 354 883 ut
371 817 500 885 cedam
518 817 675 908 cogenti,
700 826 792 885 reete
807 814 926 882 dieitur
946 815 1010 899 ita,
1035 833 1104 880 non
1114 809 1222 904 focio
1238 809 1316 894 hoc,

205 926 246 986 ot
271 926 394 1010 sponte
411 917 567 1011 sociam.
624 919 711 987 Satis
733 919 795 986 erit
820 916 915 986 huno
939 938 1036 983 usum
1057 935 1125 981 uno
1158 912 1316 1003 exemplo

205 1021 393 1090 illustrasse.
444 1020 638 1112 Xenophon
661 1021 787 1112 Cyrop.
806 1020 849 1088 11.
866 1020 902 1103 2,
929 1015 987 1084 15.
1014 1012 1097 1090 οὐδὲ
1111 1008 1186 1110 μήν
1200 1013 1316 1110 φίλοις

205 1147 274 1218 με,’
296 1120 379 1196 οὐδὲ
401 1125 512 1206 ξένοις
536 1118 624 1196 ἑκών
646 1120 739 1197 εἶναι
760 1124 897 1215 γέλωτα
912 1122 1094 1214 παρέχειςε
1118 1117 1249 1185 ueniat
1265 1118 1316 1184 ri-

205 1248 283 1295 sum
297 1225 455 1318 μνοοόεε
473 1249 517 1293 eu
538 1234 671 1311 mente,
696 1235 735 1293 ut
760 1225 799 1293 id
822 1226 940 1292 votens
951 1221 1098 1316 facias,
1122 1218 1197 1289 sed·
1212 1241 1317 1311 pnnrn

196 1326 318 1421 facis,
342 1326 446 1420 sucis
467 1328 708 1396 tantummodo
733 1337 772 1395 ot
794 1328 904 1397 cedas
925 1324 1132 1394 necessitati.
1197 1325 1316 1411 Neque

205 1431 265 1497 illa
283 1426 330 1504 τό
347 1433 412 1504 νῦν
440 1427 555 1518 εἶναι,
587 1424 634 1503 ud
661 1426 820 1527 τήμερον
848 1426 962 1516 εἶναι,
1000 1427 1093 1494 idem
1119 1425 1315 1517 significant,

207 1532 300 1622 quod
321 1534 385 1607 νῦν
406 1545 439 1600 et
461 1527 639 1629 τήμερον,
665 1533 743 1618 sed,
769 1540 808 1600 ot
828 1533 868 1600 td
886 1554 995 1615 nnnc,
1021 1538 1060 1598 ut
1082 1529 1314 1611 intentent,

204 1636 242 1703 id
265 1645 324 1721 est,
345 1644 514 1727 quantum
535 1636 642 1705 hodie
660 1637 748 1706 sotis
777 1642 845 1705 eat:
870 1634 964 1726 quod
985 1656 1046 1702 nos
1067 1632 1227 1719 dicimus,
1248 1629 1315 1726 fio·

195 1734 303 1830 jetnt,
327 1738 398 1832 fiir
414 1739 536 1807 iente:

307 1868 520 1970 κεχόρευται
535 1867 604 1970 μοῖρ
624 1871 777 1971 μετρίως
789 1866 875 1967 τόγε
888 1866 1046 1972 τήμερον
1061 1867 1165 1946 εἶναι.

136 2009 315 2081 212Recte
337 2010 441 2105 igitur
457 2009 491 2076 in
511 2008 695 2101 Sophoclis
716 2008 805 2079 Oed.
823 2008 898 2078 Col.
916 2008 1027 2078 1189.
1050 2008 1193 2101 legitur:

831 2144 918 2226 ὥςτε
937 2144 1026 2243 μήδε’
1043 2137 1185 2241 δρῶντά
1200 2169 1240 2218 σε
1268 2202 1271 2207 .
1306 2147 1311 2151 ’

211 2292 215 2299 ·
305 2242 355 2322 vet
370 2248 443 2322 τῶν
463 2243 617 2322 odetuna
636 2243 943 2342 δνςσεβεστοὶτων,
969 2241 1084 2343 ποῖτερ
1093 2300 1108 2336 ,

303 2353 432 2443 θέμις,
460 2354 503 2424 σε’
513 2349 551 2446 γ’
573 2349 681 2441 εἶναι,
707 2358 825 2424 κεῖνον
840 2346 1016 2448 ἀντιδρᾶν
1032 2348 1164 2430 κακῶς·

202 2509 267 2556 nec
291 2487 438 2556 debebat
465 2476 633 2556 Porsonus
661 2487 696 2554 in
722 2489 913 2578 appendice
936 2488 982 2556 ad
995 2485 1135 2575 Toupii
1157 2483 1313 2553 emenda-

200 2592 309 2658 tiones
326 2592 361 2657 in
377 2591 518 2659 Suidam
541 2615 576 2685 p.
597 2586 684 2663 453.
701 2601 759 2658 aut
780 2590 873 2659 hune
894 2600 951 2659 aut
969 2588 1179 2659 Brunckium
1200 2609 1313 2679 repre-

202 2691 372 2776 hendere,
405 2693 499 2781 quod
521 2693 667 2761 Dawesii
694 2694 920 2764 coniecturam
949 2697 1062 2786 θέμιν
1084 2714 1153 2760 non
1174 2691 1314 2759 admise-

202 2804 288 2862 runt
340 2795 462 2862 Sensus
478 2804 544 2879 est,
570 2796 781 2882 rottenstein,
807 2798 867 2888 qui
881 2797 981 2866 ilium
994 2796 1101 2867 malis
1113 2814 1313 2865 reinduere-

202 2905 271 2966 tur.
323 2899 405 2986 Nos,
432 2897 483 2965 do
495 2896 567 2990 jitr
580 2898 683 2966 deine
691 2901 827 2991 person
850 2897 899 2992 *).

306 3084 422 3176 Magis
433 3082 612 3175 impeditus
627 3092 676 3151 est
690 3107 767 3153 usus
781 3085 967 3177 negationis
983 3083 1043 3158 οὔι
1069 3106 1158 3174 quae
1180 3084 1314 3176 quidem

202 3189 238 3258 in
258 3189 380 3256 talibus
398 3188 580 3278 exemplis,
608 3183 672 3259 οὖν
690 3188 789 3260 ἔστιν
805 3186 941 3279 οὐδείς,
967 3211 1072 3277 quum
1092 3189 1234 3281 proprie
1256 3211 1314 3255 au-

66 3290 73 3297 ’
203 3292 338 3384 gendae
357 3292 407 3360 rei
428 3292 600 3375 inserviat,
626 3291 794 3359 interdum
816 3293 864 3361 sie
884 3302 1079 3382 usurpatur,
1111 3300 1149 3359 ut
1170 3315 1238 3359 una
1256 3313 1316 3359 ne-

202 3397 297 3486 gotio
313 3396 389 3462 satis
409 3395 464 3475 sit3
491 3395 553 3463 sed
573 3396 609 3461 in
625 3390 772 3462 formula
788 3391 842 3492 μή
856 3395 901 3468 οὔ
917 3404 1009 3466 reete
1025 3393 1227 3485 explicanda
1244 3415 1314 3462 sae·

203 3497 279 3590 pius
317 3496 470 3565 videmus
503 3497 622 3566 doctos
662 3497 815 3566 homines
856 3521 991 3566 errasse.
1044 3498 1143 3583 Quae
1175 3498 1316 3567 voculae

204 3624 310 3690 quum
331 3601 471 3691 proprie
492 3622 638 3684 nenton,
671 3601 709 3667 id
734 3607 858 3685 estut,
891 3601 1094 3692 significent,
1126 3600 1250 3668 mirum
1270 3605 1316 3668 est

203 3712 333 3789 tamen,
365 3713 426 3772 eas'
440 3703 608 3771 interditm
635 3701 681 3773 sic
699 3703 870 3794 usurpari,
905 3698 943 3771 ut
961 3704 1156 3796 negationes
1176 3724 1247 3771 non
1268 3702 1321 3770 vi-'

202 3807 345 3876 deannu
357 3829 427 3875 sese
446 3806 590 3876 invicem
605 3805 733 3876 toliere.
785 3808 832 3875 At
846 3806 999 3877 videntur
1013 3816 1161 3878 tantum:
1187 3831 1226 3876 re
1241 3826 1317 3878 vera

204 4011 418 4042 m·-

244 4140 274 4230 *)
296 4144 391 4207 Aliam
411 4144 502 4205 huius
525 4143 587 4205 loci
608 4165 643 4205 ae
668 4148 770 4207 neseio
797 4167 836 4205 an
856 4165 958 4207 veram
978 4147 1210 4227 explicationem
1235 4164 1317 4224 saga·

203 4228 282 4374 lciter
299 4232 415 4294 invenit
430 4232 639 4310 Buttmannus,
664 4231 701 4293 de
720 4252 779 4314 qua
804 4232 920 4293 dictum
934 4233 966 4293 in
985 4232 1179 4297 adnotatione
1194 4230 1233 4294 ad
1250 4237 1317 4294 e'um

218 4333 316 4376 ocum.
450 4333 453 4339 ·
