2826 4904
474 308 525 378 ru
553 307 743 376 eunucu
769 308 960 372 ιιιιοιι.
1210 314 1298 388 κιο,
1327 365 1333 371 .

158 480 306 549 iusmodi
326 479 410 549 locis
433 481 481 550 sic
507 480 592 567 dici,
624 490 662 549 ot
680 481 918 572 praecedentia
943 483 1148 574 cogitatione
1173 505 1276 574 repe·
1360 527 1363 532 -

158 593 287 670 tantur,
312 585 350 651 id
371 605 439 651 non
460 607 561 674 posse
577 584 703 673 ubique
722 586 805 653 fieri.
857 585 1039 655 Enimvero
1057 587 1187 655 videtur
1199 595 1276 654 tan·

158 698 231 758 tum
253 689 326 764 fieri
345 710 413 755 non
434 709 542 778 posse.
604 686 719 755 Multo
753 688 842 755 enim
874 710 935 756 usu
966 689 1187 774 factumest,
1226 699 1276 775 ut,

156 815 262 882 quum
286 784 358 889 μή,
384 791 490 860 sicin
511 790 626 858 medio
644 792 821 876 inscrtum,
847 791 1081 883 negationem,
1111 815 1199 881 quae
1220 815 1276 859 se-

156 897 289 985 quitur,
334 893 443 961 minus
475 905 601 963 certam
631 892 805 978 redderet,
844 893 893 961 ibi
921 895 1021 962 etiam
1045 894 1274 980 adhiberetur,
1327 914 1333 928 ‘

154 1001 215 1067 ubi
235 995 474 1088 praecedentia
490 1021 558 1065 non
577 1007 715 1088 possent
730 996 1054 1088 simpliciterrepeti.
1104 998 1146 1066 ld
1167 998 1275 1067 maxi-

155 1125 213 1172 rne
229 1102 359 1187 elucet,
384 1101 445 1168 ubi
462 1097 547 1182 οῖςτε
559 1101 744 1192 praecedit
796 1098 990 1191 Sophocles
1011 1101 1046 1168 in
1069 1101 1185 1193 Autig.
1212 1098 1274 1170 96.
1361 1148 1363 1155 ·

712 1252 887 1348 πείσομαι
910 1282 979 1350 γαρ
1001 1249 1046 1327 ου’

257 1355 437 1432 τοσοιῖτον
466 1349 594 1445 οὐδέν,
626 1354 713 1438 aicta
733 1351 787 1455 μή
815 1353 860 1432 ον’
884 1358 997 1439 καλοῖς
1021 1361 1163 1432 θανεῖν
1239 1432 1243 1441 ,

154 1508 350 1602 Xenophon
364 1508 409 1576 de
430 1531 503 1599 rep.
516 1509 640 1579 Athen.
662 1511 723 1578 111.
740 1510 775 1579 8.
790 1505 935 1585 τοῖνδ’
957 1537 1024 1599 ονχ
1038 1509 1119 1584 οιον
1141 1537 1184 1584 τε
1198 1538 1272 1605 μο-
1363 1524 1365 1528 ’

154 1620 334 1702 τακινεῖν,
379 1609 465 1693 οῖςτε
493 1606 548 1709 μη
571 1609 652 1703 ου’χὶ
670 1615 734 1709 τῆς
763 1612 1007 1711 δημοκρατίας
1028 1609 1214 1734 αἠαιρεῖν
1220 1622 1278 1685 τι.’

154 1718 252 1787 Haec
273 1716 363 1783 hanc
385 1717 454 1782 vim
470 1716 615 1782 habent·
642 1712 747 1788 οὐδὲν
768 1713 942 1806 πείσομαι
958 1714 1157 1794 τοσοῦτον,
1186 1711 1272 1794 ὥστε

153 1817 239 1917 (ὅρα
252 1814 320 1915 μή)
348 1843 391 1890 ον
382 1814 519 1897 ’καλοῖς
532 1822 679 1890 θανεῖν·
694 1810 798 1890 aoid
814 1812 880 1906 οὐχ
898 1809 1033 1889 οἷόντε
1049 1822 1271 1940 μετακινεῖν,

154 1919 241 2002 ὥστε
260 1920 348 2018 (ὅρα
364 1912 434 2016 μη)
462 1945 544 2009 οαχι
558 1945 623 2015 της
644 1913 934 2017 θημοκρατῖας’
910 1945 1081 2017 αφαιρειν
1097 1947 1146 1992 τι
1199 1918 1272 1988 Sed

153 2046 223 2091 non
245 2025 352 2093 minus
376 2020 465 2092 haec
487 2045 639 2112 quoque,
666 2047 769 2113 quam
789 2022 893 2108 illud,
920 2023 1015 2110 quod
1038 2045 1139 2114 snpra
1162 2023 1339 2111 atomus

152 2121 302 2222 αισχύνη
318 2124 362 2223 ἦν
378 2152 430 2222 μη
447 2153 490 2198 ον
482 2122 792 2212 συσποαθαζειν,
818 2125 863 2192 ad
883 2118 1059 2215 reguiam,
1086 2147 1187 2214 quam
1203 2148 1272 2217 po-

150 2231 294 2312 suimus,
322 2229 475 2295 revocari
493 2236 667 2318 poterunt,
703 2229 731 2294 si
749 2228 823 2316 quis
843 2227 990 2318 singulas
1013 2227 1271 2312 enunciationes,

150 2353 242 2421 quae
259 2331 294 2396 in
313 2329 366 2395 his
389 2329 474 2398 locis
496 2337 586 2414 sunt,
612 2338 704 2399 recte
728 2329 995 2399 consideraverit
1048 2329 1091 2396 ld
1111 2330 1186 2396 fieri
1207 2331 1271 2399 de-

150 2437 212 2503 bet
227 2432 298 2501 hoc
314 2430 436 2500 modo.
464 2458 612 2529 αισχανη
625 2455 686 2528 ην
712 2431 772 2523 τῖ,
798 2426 912 2528 (ὅρα)
918 2425 972 2553 μη
996 2459 1040 2504 ov
1032 2427 1271 2509 σοσποαδα-

136 2546 226 2624 ,ζειν
252 2528 401 2632 αἰσχύνη
428 2563 483 2624 -ην
518 2531 623 2608 ονδεν
650 2534 864 2627 πείσομαι
846 2535 1048 2623 τοσοῦτον,
1083 2531 1169 2616 αῖετε
1191 2545 1270 2608 θα-

152 2645 244 2712 νεῖν·
279 2639 370 2718 ocrim
404 2632 504 2734 (ὅρα)
525 2630 579 2734 μή
607 2632 804 2719 οὕκαλοῖςτ
835 2637 955 2722 idest,
989 2635 1058 2734 ὅρα
1081 2664 1156 2734 μη,
1184 2634 1306 2718 οῖςτε’

156 2742 309 2862 αἰσχροῖς
328 2745 478 2829 θανεῖν,
512 2736 633 2812 oveto
639 2741 819 2813 τοσοῦτον
842 2738 1026 2833 πείσομαι.
1079 2733 1173 2812 notri
1202 2736 1270 2830 οὐχ
1310 2820 1313 2826 ,
1398 2770 1402 2803 ι

155 2836 297 2916 οἷόντε
320 2848 548 2936 μετακινεῖν,
583 2838 676 2915 ὥστε
704 2868 823 2916 ποιοιν
851 2837 957 2916 τόδε
989 2841 1047 2929 ,τῖς
1082 2836 1190 2964 (ripa)
1216 2870 1268 2937 μη
1338 2856 1341 2869 “

154 2973 232 3035 οαχι
246 2973 309 3042 της
327 2940 612 3065 ὃημοκρατῖας’
588 2970 759 3041 αφαιρειν
775 2974 829 3017 τι
856 2946 893 3013 rd
906 2955 966 3032 est
992 2944 1062 3040 ὅρα
1079 2973 1131 3044 μη
1140 3001 1154 3036 ,
1181 2942 1268 3026 οῖςτε

135 3050 274 3141 μένειν
291 3042 358 3144 τήν
375 3046 621 3144 δημοκρατιαν
628 3101 643 3136 ,
671 3044 738 3139 οὐχ
755 3042 835 3121 οἶόν
849 3077 892 3120 τε
905 3080 926 3144 η
916 3042 1036 3121 noio
1047 3054 1267 3141 μετακινεῖν.

152 3149 349 3281 Composita
378 3150 482 3241 igitur
509 3149 597 3218 haec
629 3159 704 3217 sunt
729 3174 769 3220 ex
798 3174 865 3217 una
892 3161 984 3219 certa
1013 3153 1193 3274 sententia,
1230 3159 1268 3218 ut

152 3250 306 3348 αἰσχύνη
322 3280 379 3349 ην,
396 3260 429 3318 ct
451 3251 580 3319 altera
571 3262 716 3335 incerta,
741 3277 793 3349 μη
811 3279 854 3323 ov
847 3246 1128 3335 ’συσπουδάζειν
1145 3244 1267 3340 αἰσχύ-

151 3381 195 3451 νη
217 3351 272 3451 ἦν.
324 3353 396 3422 Sed
419 3353 514 3442 qnod
536 3354 651 3443 potior
673 3362 723 3422 cst
746 3362 837 3420 certa
859 3354 1034 3436 sententia,
1061 3351 1149 3423 haec
1163 3353 1268 3444 plene

151 3459 362 3542 enunciatur,
401 3457 527 3530 incerta
550 3464 663 3524 autem
691 3454 925 3547 supprimitur,
961 3455 1134 3546 particulis
1161 3479 1204 3525 eo
1231 3456 1267 3524 in

148 3560 229 3630 loco
244 3558 436 3644 collocatis,
461 3562 520 3628 ubi
541 3561 587 3627 ad
614 3583 690 3627 eam
719 3561 829 3651 ipsam
849 3567 1003 3648 partem,
1030 3582 1117 3649 quae
1139 3561 1266 3629 incerta

150 3672 216 3749 cst,
240 3665 439 3733 referuntur.
491 3664 707 3733 simillimum
732 3662 816 3752 quid
831 3663 960 3732 factum
973 3662 1126 3732 videmus
1140 3665 1176 3730 in
1194 3661 1266 3731 hoc

150 3770 339 3836 oratoribus
360 3767 498 3852 usitato,
530 3766 595 3841 odo
623 3763 697 3840 οἷδ’
722 3765 782 3840 ὅτι
807 3770 865 3840 δεῖ
878 3765 985 3840 πλείω
1002 3768 1144 3860 λέγειν,
1169 3765 1266 3855 quod

127 3948 131 3955 ,
148 3872 261 3962 attigit
280 3870 373 3940 Frid.
388 3873 479 3962 Aug.
495 3871 641 3938 Wolfius
667 3870 712 3936 ad
734 3868 911 3937 Demosth.
930 3878 1013 3937 orat.
1027 3879 1143 3940 contra
1162 3869 1264 3960 Lept.

146 3995 184 4064 p.
211 3973 297 4042 388.
324 3974 380 4043 vel
401 3983 438 4041 ut
467 3974 561 4064 apud
581 3975 764 4042 Isocratem
784 3973 820 4039 in
842 3973 988 4063 Trapez.
1010 3996 1085 4063 cap.
1111 3971 1171 4041 lt.
1195 3982 1264 4057 est,

147 4075 215 4151 οὔκ
238 4073 312 4152 οἷδ’
331 4075 398 4154 ,ὅτι
417 4076 525 4148 πλεῖοι
542 4080 599 4150 δεῖ
613 4078 739 4169 λέγειν.
789 4077 878 4143 Nam
899 4076 949 4144 ibi
972 4072 1046 4150 οἷδ’
1073 4073 1133 4149 ὅτι
1154 4098 1266 4165 neque

144 4179 194 4248 ad'
222 4176 267 4255 ου’
291 4184 349 4254 δεῖ
372 4179 537 4270 pertinet,
568 4179 665 4267 quod
684 4178 867 4248 dicendum
892 4189 991 4263 esset,
1019 4180 1064 4252 ον’
1091 4181 1148 4253 δεῖ
1153 4228 1163 4265 ,
1190 4175 1263 4253 οἷδ’

144 4280 230 4364 ὅτι,
257 4282 365 4359 πλεῖοι
387 4285 523 4377 λέγειν,
557 4283 727 4372 nequead
742 4278 786 4356 od
803 4281 930 4376 πλεῖοι,
955 4282 1050 4372 quod
1071 4281 1139 4360 dici
1159 4283 1264 4378 debe·
