2826 4904
189 301 252 362 ros
515 270 589 357 ‘nu
618 296 942 359 ιιιιιιιιιιιι

137 476 179 540 at
187 471 304 538 Tertia
321 470 433 537 forma
455 478 520 552 est,
547 492 634 557 quae
648 492 774 560 gnome
794 470 917 539 dicitur
978 471 1031 538 Ea
1050 471 1097 540 sic
1110 483 1293 564 usurpatur,

185 583 239 656 ut,
271 595 376 660 quum
398 573 608 639 nominentur
629 573 817 663 generalia,
855 572 1000 665 intelligi
1025 574 1208 666 singularia
1238 578 1294 646 de-

183 677 295 744 beant.
345 676 393 742 Vt
407 675 499 766 apud
513 674 720 763 Aeschylum
733 678 865 744 Robori
883 677 1073 745 Vulcanum
1094 679 1294 767 adhortanti,

183 777 364 848 utrincula
379 777 586 846 Prometheo
609 779 748 890 inriciat,
773 780 821 846 ita
841 780 1025 869 respondet
1036 780 1225 851 Vulcanus

337 907 383 988 ιιι
399 917 560 1008 συγγενές
575 941 636 987 τοι
653 885 837 1005 daturis,
812 944 833 1013 q
853 912 896 988 θ’
915 914 1051 1010 ὁμιλία.

284 1051 476 1140 Sequuntur
515 1046 646 1142 figurae
691 1051 737 1118 ad
781 1053 977 1141 qualitatem
1018 1056 1294 1142 enuntiationum,

183 1177 285 1244 quarn
306 1157 410 1247 logici
430 1165 569 1241 vocant,
595 1156 806 1246 pertinentes.
857 1157 935 1224 Hae
952 1158 1033 1224 tales
1057 1168 1154 1242 sunt,
1181 1170 1219 1228 ut
1244 1171 1296 1228 aut

182 1280 251 1326 non
271 1259 417 1327 dicendo
441 1259 590 1326 dieamus
618 1258 763 1346 aliquid,
797 1265 855 1325 aut
878 1259 1023 1328 dicendo
1046 1261 1240 1348 faciamus„
1262 1271 1295 1331 ut

183 1360 228 1427 ad
249 1363 394 1429 formam
413 1363 513 1429 totius
535 1362 692 1428 orationis
717 1361 846 1451 aliquid
868 1385 934 1453 pro
954 1385 1022 1431 non
1043 1363 1133 1433 dicto
1156 1366 1216 1451 sit,
1243 1376 1295 1434 aut

182 1465 230 1531 ita
252 1466 397 1555 denique
418 1465 547 1553 aliquid
574 1464 740 1548 dicamus,
779 1475 833 1552 ut,
860 1488 964 1554 quum
985 1466 1021 1534 id
1051 1466 1176 1537 deinde
1198 1469 1293 1537 veluti

181 1589 247 1658 pro
278 1568 405 1637 indicto
428 1567 662 1653 habuerimus,
695 1568 787 1635 aliud
818 1569 888 1635 eius
918 1569 998 1639 loeo
1037 1571 1153 1638 inferri
1182 1574 1292 1663 possit

139 1755 147 1763 ,Ι
181 1671 295 1738 Prima
317 1695 358 1738 ex
380 1671 434 1738 his
452 1672 563 1761 figura
583 1680 632 1738 est
653 1694 709 1756 ea,
737 1694 804 1760 qua
820 1694 889 1740 non
908 1671 1054 1741 dicendo
1071 1675 1199 1764 aliquid
1213 1676 1293 1746 dici-

147 1770 149 1776 ’
181 1796 263 1842 mus.
315 1776 370 1842 Ea
393 1783 441 1844 est
458 1774 600 1866 ellipsis:

335 1935 420 2002 quos
442 1935 521 2005 ego.

334 2012 399 2117 οὐιι
414 2018 462 2095 εἰς
485 2013 663 2110 ὅλεθροις

178 2150 381 2242 Eodemque
401 2152 548 2244 pertinet
565 2151 811 2233 anacoluthon.

330 2291 472 2388 μητέρα
490 2285 538 2370 δ’,
566 2290 603 2362 εἴ
616 2315 651 2360 οι
644 2282 820 2382 tupoc’
802 2288 1014 2420 εφορμιῖιαι
1027 2290 1244 2383 γαμέεσθαι,

333 2416 388 2488 oq
403 2396 467 2465 ι”τω
487 2397 520 2472 ἐς
533 2394 694 2488 μέγαρον
710 2386 849 2489 παιρός
861 2395 956 2486 μέγα
974 2395 1203 2487 δυναμένοιο

177 2528 335 2598 Secunda
357 2531 558 2622 figuraest,
593 2552 660 2616 qua
685 2529 827 2597 dicimus
846 2529 974 2619 aliquid
1003 2530 1065 2615 ita,
1096 2537 1134 2597 ut
1154 2527 1201 2597 ad
1222 2527 1289 2595 for·

177 2656 267 2729 mann
289 2634 389 2700 totius
406 2633 563 2700 orationis
585 2653 650 2720 pro
670 2631 799 2699 indicto
815 2633 866 2698 sit.
883 2644 888 2669 ³
917 2632 970 2699 Ea
991 2654 1071 2701 vero
1086 2630 1290 2722 parenthesis

179 2745 239 2801 est.
298 2737 398 2804 Haec
425 2734 563 2802 enimsi
588 2734 767 2820 omittitur,
792 2734 879 2800 nihil
900 2735 1016 2804 deesse
1032 2735 1200 2806 videbitur
1215 2757 1289 2801 ora·

174 2839 274 2921 tioni,
301 2839 381 2927 quia
402 2837 447 2904 ad
470 2837 752 2907 constructionem
776 2839 878 2928 plane
900 2836 969 2905 non
998 2841 1147 2930 pertinet
1168 2862 1289 2928 paren-

174 2941 287 3008 thesis.
340 2941 457 3009 Tertia
471 2940 616 3028 denique
630 2941 742 3031 figura
764 2937 827 3025 est,
855 2965 922 3030 qua
941 2942 1071 3031 ahquid
1084 2964 1148 3032 pro
1164 2942 1290 3010 indicto

174 3043 371 3112 habendum
394 3044 637 3135 significamus,
663 3044 780 3110 addita
799 3048 893 3132 quasi
915 3068 979 3133 per
996 3046 1213 3136 parenthesin
1229 3045 1290 3111 alia

173 3171 241 3231 re‚-
267 3171 355 3237 quae
376 3149 526 3240 priorem
552 3147 648 3213 istam
676 3147 783 3214 tollat.
841 3144 962 3216 Vivit?
989 3151 1095 3217 immo
1125 3151 1235 3216 etiam
1256 3148 1289 3215 ιἰι

60 3270 63 3275 ’
172 3260 334 3320 senatum
358 3253 461 3320 venit.
523 3248 675 3318 Clariora
698 3254 800 3319 etiam
820 3251 1011 3320 huiusmodi
1032 3253 1190 3343 exempla
1206 3261 1289 3336 sunt,

172 3365 225 3439 ut,
252 3355 360 3442 dona,
383 3356 490 3424 immo
504 3355 639 3448 optima
660 3377 799 3425 caussa.

273 3522 464 3616 Est'porro
487 3527 580 3593 aliud
602 3549 709 3617 genus
732 3527 937 3617 figurarum,
950 3529 1031 3616 ¹quo
1047 3527 1133 3594 ratio
1148 3530 1294 3598 coninua,

172 3629 289 3700 ctionis
309 3653 423 3696 rerum
444 3631 530 3696 inter
552 3652 623 3696 sese
643 3652 706 3720 per
731 3631 916 3698 formarum
937 3631 1094 3698 orationis
1113 3640 1288 3721 permuta-

169 3735 298 3801 tionem
315 3732 491 3800 indicatur.
548 3732 588 3798 ln
609 3731 791 3823 hisprima
814 3735 1012 3825 figuraest,
1045 3734 1134 3822 qua'e
1154 3757 1229 3802 rem
1246 3754 1285 3801 ex

90 3868 93 3873 ·
170 3839 261 3904 nulla
275 3836 466 3905 conditione
483 3835 688 3955 pendentem
700 3859 766 3926 per
779 3837 1005 3908 conditionem
1019 3838 1167 3926 aliquam
1183 3837 1287 3929 signi-

169 3940 265 4007 licat:
290 3963 321 4009 ιιι
314 3940 428 4033 quid
457 3940 543 4008 est
530 3962 566 4006 tn
587 3961 645 4006 me
666 3941 818 4031 ingenii,
853 3948 916 4007 aut
933 3942 964 4008 si
982 3964 1055 4033 qua
1080 3942 1287 4011 exercitatio

170 4043 322 4110 dicendi.
383 4042 542 4113 Secunda
564 4042 677 4133 figura
697 4056 763 4125 est,
794 4066 862 4131 qna
885 4066 938 4111 res
962 4067 1004 4112 ex
1014 4045 1142 4146 aliqua
1163 4045 1328 4117 condi

170 4148 262 4212 tione
282 4169 441 4236 suspensa
456 4148 525 4215 siue
539 4145 737 4217 conditionis
752 4146 995 4238 significatione
1020 4142 1230 4218 enunciatur:
1328 4205 1331 4210 .

323 4292 436 4377 negat
451 4285 545 4378 quis,
571 4303 688 4378 nego.
714 4266 787 4372 uit,
813 4281 881 4355 uio.
