2826 4904
290 334 489 400 rnnvms
518 335 740 400 scnmcts
775 335 1105 399 vlsseemw.
1195 339 1261 403 805

140 512 331 604 intemplo
361 509 525 592 lirtnetis,
559 510 613 577 ad
638 508 743 578 ludos
760 532 972 602 scenamque
986 511 1150 603 perlato,
1176 529 1260 576 con-

140 637 246 698 sessu,
266 615 443 699 monimo,
474 635 632 681 summus
654 611 807 706 artifex,
840 622 874 683 et
896 614 1096 683 mehercule
1119 631 1262 703 serrnper

135 718 300 811 partium
322 719 359 784 in
383 716 587 808 republica,
613 724 800 807 tamquam
823 718 858 784 in
883 739 1008 802 scena,
1035 717 1259 809 optimam,

130 819 233 916 flens
253 827 288 888 et
307 821 440 888 recenti
461 820 618 904 laetitia,
665 827 700 885 et
728 819 830 887 misto
857 819 981 888 dolore
1006 842 1054 888 ac
1080 817 1260 886 desiderio

139 923 229 1008 mei,
256 925 334 1016 egit
351 929 476 1014 aperte
497 923 607 990 nnulw
627 920 857 1013 gravioribus
878 922 996 990 verbis
1018 943 1136 990 meam
1153 940 1259 988 carm

96 1095 100 1100 .
139 1048 237 1111 εαηι,
271 1049 380 1118 quam
402 1033 544 1116 egomet
565 1025 613 1092 de
640 1047 698 1090 me
727 1045 843 1116 agere
856 1024 1075 1116 potuissem?
1122 1023 1261 1092 Summi
1376 1013 1382 1025 '

142 1131 235 1199 enim
251 1137 384 1220 poetae
404 1129 586 1220 ingenium
607 1149 677 1195 non
695 1128 810 1196 solum
833 1135 913 1211 arte
937 1150 1025 1212 sua,
1063 1127 1130 1195 sed
1152 1127 1260 1194 etiam

142 1232 267 1301 dolore
296 1230 536 1323 exprimebat:
578 1230 686 1322 quid
718 1225 858 1298 enim?
897 1230 973 1321 qui
1011 1226 1260 1321 rempubli-

144 1356 241 1404 cam
273 1342 399 1402 certo
433 1335 581 1401 animo
612 1333 855 1418 adiuverit,
887 1334 1130 1417 statuerit,
1164 1339 1259 1400 ste-

142 1437 254 1505 terit
279 1459 374 1506 cum
398 1435 598 1504 Achivis.
656 1434 841 1504 Vobiscum
864 1458 922 1503 me
945 1438 1081 1505 stetisse
1099 1434 1260 1504 dicebat:

142 1547 276 1608 vestros
293 1541 435 1607 ordines
455 1537 740 1607 demonstrabat:
764 1538 1002 1607 revocabatur
1017 1538 1065 1606 ab
1078 1538 1257 1606 universio.

103 1652 106 1659 '
141 1641 205 1710 Re
236 1636 374 1710 dubia
405 1665 485 1710 nec
519 1641 748 1710 dubitarit
780 1643 923 1714 vitam
955 1639 1145 1734 offerre,
1178 1661 1259 1708 nec

135 1745 288 1850 capiti
316 1746 594 1836 pepercerit.
651 1742 756 1811 Haec
781 1745 921 1861 quantis
940 1742 987 1810 ab
1006 1744 1067 1810 illo
1090 1742 1257 1810 clamori-
1264 1748 1307 1808 lo

135 1822 206 1916 bus
232 1846 455 1939 agebantur,
481 1868 587 1937 quum
612 1846 704 1930 iam,
731 1847 856 1914 omisso
880 1854 1005 1937 gestu,
1031 1843 1148 1914 verbis
1167 1867 1259 1937 poe

141 1957 219 2035 tae,
253 1958 287 2018 et
312 1950 430 2017 studio
456 1950 605 2032 actoris,
642 1956 676 2017 et
699 1950 952 2041 exspectationi
981 1957 1126 2017 nostrae
1146 1950 1259 2040 plau

141 2048 315 2120 deretur?
351 2051 569 2121 Summum
601 2053 810 2137 amicum,
850 2075 1013 2120 summo
1044 2054 1086 2120 in
1121 2050 1258 2136 bello,

141 2156 244 2244 (nam
265 2155 356 2222 illud
372 2157 448 2245 ipse
462 2163 564 2223 actor
584 2153 809 2247 adiungebat
828 2155 943 2222 amico
960 2156 1096 2239 anim0,
1124 2162 1158 2221 et
1172 2153 1260 2247 sor-
1347 2177 1356 2209 Ι

140 2257 248 2325 tussis
277 2257 433 2323 homines
463 2264 616 2348 propter
651 2256 797 2347 aliquod
829 2256 1047 2324 desiderium
1075 2256 1260 2349 approba-

141 2359 252 2447 bant)
290 2380 453 2426 summo
494 2359 686 2450 ingenio
718 2360 995 2450 praeditum.
1065 2358 1154 2426 Tl'um
1193 2359 1260 2426 illa

140 2469 271 2555 quanto
295 2483 375 2527 cum
398 2462 536 2552 gemitu
556 2462 683 2552 populi
707 2461 863 2529 Romani
895 2460 944 2528 nb
979 2461 1103 2530 eodem
1129 2462 1259 2556 paullo

136 2572 221 2657 post
255 2565 290 2630 in
323 2564 451 2630 eadem
472 2562 611 2656 fabulo
642 2571 721 2631 sunt
755 2572 860 2632 octat
891 2586 913 2631 o
940 2571 1078 2655 pater
1107 2603 1160 2616 -—-
1183 2563 1259 2648 Me,

141 2689 198 2735 me
231 2658 292 2734 ille
318 2664 514 2751 absentem,
546 2674 585 2735 ut
601 2674 770 2759 patrem,
804 2667 1068 2760 deplorandum
1089 2666 1259 2758 putabat,
1388 2683 1390 2687 ·

90 2776 94 2784 “
141 2792 244 2861 quem
280 2768 323 2864 Q.
360 2768 524 2854 Catulus,
570 2793 673 2861 quem
697 2771 799 2839 multi
831 2760 907 2840 alii·
924 2792 1035 2863 saepe
1067 2772 1103 2839 in
1134 2779 1260 2841 senatu

137 2880 283 2966 patrem
317 2873 467 2964 patriae
503 2875 735 2941 nominarant.
801 2873 943 2970 Quanto
977 2897 1058 2943 cum
1079 2871 1177 2968 fletu
1207 2872 1258 2943 de

141 2975 212 3043 illis
238 2975 365 3042 nostris
387 2976 557 3045 incendiis
583 2999 628 3044 oc
651 2977 779 3063 ruinis,
811 3001 917 3069 quum
935 2987 1083 3069 patrem
1101 2979 1259 3071 pulsum,
1309 3035 1314 3043 .

136 3078 302 3171 patriam
327 3076 505 3171 afflictam
534 3080 757 3171 deploraret,
784 3081 928 3150 domum
952 3083 1133 3151 incensam
1158 3099 1259 3149 ever-

139 3202 303 3271 samque,
343 3182 395 3249 sic
422 3182 516 3272 egit,
549 3189 605 3265 ut,
640 3183 884 3251 demonstrata
913 3186 1067 3274 pristina
1091 3181 1259 3273 fortuna,

140 3305 247 3375 quum
281 3305 320 3351 se
349 3285 587 3365 convertisset,
619 3282 734 3353 baec
765 3287 910 3351 omnia
940 3286 1037 3351 vidi
1069 3282 1259 3376 inflam-

139 3386 272 3469 mari,
312 3383 446 3479 fletum
479 3386 585 3452 etiam
617 3383 766 3452 inimicis
791 3393 896 3477 atque
921 3386 1049 3453 invidis
1075 3388 1256 3456 excitaret.

138 3487 216 3556 Pro
240 3488 303 3556 etta·
334 3489 567 3572 immortales,
600 3487 703 3579 quid,
738 3487 803 3556 illa
835 3489 1133 3580 quemadmodum
1166 3490 1259 3560 dixit

139 3581 255 3674 taem,
294 3598 387 3681 qu'ae
418 3591 506 3659 milti
538 3591 680 3682 quidem
712 3590 766 3658 ita
800 3599 834 3659 et
867 3599 951 3659 acta
986 3600 1020 3661 et
1042 3593 1179 3683 scripta
1203 3595 1258 3661 vi-

140 3693 269 3761 dentur
295 3715 385 3778 esse,
411 3701 450 3761 ut
475 3695 532 3763 vel
558 3717 583 3763 a
611 3693 758 3776 Catulo,
786 3695 819 3762 si
841 3695 1041 3778 revixisset,
1061 3697 1259 3787 praeclare

135 3818 244 3889 posse
269 3795 341 3864 dici
365 3797 578 3865 viderentur.
631 3796 671 3864 Is
694 3797 784 3864 enim
809 3796 919 3866 libere
938 3797 1201 3890 reprehendere
1223 3806 1257 3867 et

141 3921 316 3972 acemnre
329 3901 457 3991 populi
472 3921 729 3991 nonnumquam
747 3903 980 3969 teneritatem
1005 3899 1159 3986 solebat,
1193 3909 1256 3969 aut

142 4022 301 4070 errorem
322 4010 483 4070 senatres:
523 4024 544 4071 o
575 4000 846 4095 ingratisioi
877 4004 1065 4097 Argivi,
1100 4004 1257 4074 inanes

146 4102 298 4190 Graii,
342 4106 623 4174 immemores
663 4103 869 4197 benefici.
936 4106 1018 4176 Non
1049 4115 1129 4175 erat
1164 4108 1257 4176 illud
1318 4180 1319 4184 ,

141 4206 286 4298 quidem
313 4229 458 4276 verum:
482 4230 551 4276 non
576 4208 668 4276 enim
692 4209 852 4301 ingrati,
878 4210 944 4279 sed
968 4211 1105 4296 miseri,
1132 4210 1258 4304 quibus
1375 4231 1376 4234 ’

100 4401 104 4406 ¹
141 4310 300 4378 reddere
324 4311 491 4397 salutem
526 4332 552 4380 a
577 4332 645 4403 quo
671 4321 905 4404 acceperant,
930 4335 1000 4384 non
1025 4315 1169 4384 liceret.-
1193 4336 1257 4384 ne·

193 4413 316 4482 Hecu.
342 4411 409 4484 ΟΡ.
435 4413 463 4483 l.
1031 4417 1066 4485 V
