2826 4904
146 281 211 346 184
372 274 432 340 DE
452 275 635 340 EthIPSl
662 275 721 339 ΕΤ
742 273 1031 340 Puuoutsno

145 453 213 536 tio,
245 447 304 522 uui
332 446 504 544 φαίνεται
530 445 637 524 τοῦτ’
666 445 711 523 οὐ
734 451 850 544 λέγειν
878 443 946 522 τᾶν
972 444 1195 550 Σωκράτην,
1227 452 1257 522 in

145 555 267 644 quibus
296 552 404 624 verbis
424 561 600 645 praeterea
630 554 786 627 notabilis
808 560 858 624 est
885 554 987 625 etiam
1005 554 1258 626 1111111111]-

146 657 252 728 bicos

281 923 344 989 IX.
386 923 446 991 De
472 945 549 993 utu
577 927 755 1011 genitivi
783 927 933 992 omisso
961 925 1129 991 nomine.

250 1065 397 1137 Genitixi
421 1067 702 1138 constructionem
733 1090 835 1159 supra
860 1068 1001 1135 diximus
1028 1066 1111 1135 duas
1134 1065 1260 1138 habere

144 1169 290 1257 10111111,
316 1194 436 1257 unam,
463 1194 547 1259 qna,
573 1171 668 1259 qnod
683 1171 821 1239 alicuius
840 1172 889 1239 rei
913 1170 968 1255 sit,
995 1171 1077 1259 quid
1100 1173 1143 1239 sit
1164 1171 1260 1240 huius

39 1316 42 1321 ·
144 1276 195 1342 rei
208 1274 353 1345 dicatur:
380 1273 474 1363 quod
490 1296 596 1363 genus
612 1275 842 1353 tractavimus3
868 1275 1026 1358 alteram,
1052 1297 1120 1362 qua
1135 1275 1261 1364 aliquid

144 1378 296 1446 universe
318 1377 450 1445 dicatur
471 1376 611 1444 alieuius
633 1376 682 1443 rei
705 1399 793 1461 esse,
818 1398 886 1443 non
915 1375 1050 1459 addito,
1082 1378 1166 1464 quid
1196 1379 1261 1449 eius

145 1480 196 1546 rei
227 1480 276 1547 sit.
328 1481 429 1549 Hauc
457 1480 603 1546 formam
635 1500 723 1544 nunc
747 1479 928 1547 videamus.
985 1479 1047 1545 Est
1078 1503 1119 1546 ea
1151 1492 1262 1550 autem
1308 1513 1310 1520 s

147 1582 285 1678 duplex.
348 1583 437 1652 Nam
466 1589 524 1652 aut
546 1581 747 1653 adiectivum
774 1581 909 1653 additur
937 1581 1104 1675 genitivo,
1139 1593 1198 1653 aut
1221 1607 1262 1655 no

146 1684 218 1759 1101
239 1685 387 1778 quidem.
418 1689 423 1698 '

247 1789 462 1860 Adiectivum
483 1787 655 1867 adiicitur,
683 1785 778 1853 utin
806 1784 895 1870 hoc,
931 1791 968 1859 οἱ
989 1786 1173 1881 χαρίεντες
1192 1787 1261 1862 τῶν

147 1885 374 1987 ἀνθρώπων,
410 1891 504 1979 quod
524 1889 722 1959 incredibile
745 1899 848 1973 esset,
892 1889 953 1958 nisi
979 1891 1105 1961 factum
1130 1892 1261 1961 videre·
1294 1982 1296 1987 Ι

146 2015 242 2077 mus,
282 2014 346 2084 per
373 1994 584 2061 omissionem
613 1992 814 2083 particulae·
839 1990 875 2073 ἒξ
909 1993 1068 2082 explicari
1105 1994 1260 2085 potuisse.

147 2095 248 2167 Talia
270 2095 409 2184 quidem
434 2095 619 2166 mittamust
660 2092 812 2162 dicamus
840 2117 922 2162 vero
949 2095 994 2166 de
1019 2098 1261 2168 constructione

148 2199 288 2290 genitivi
315 2221 394 2269 cum
418 2195 669 2289 comparativo,
707 2218 794 2285 quae
817 2195 862 2265 ad
888 2197 958 2268 hoe
981 2222 1086 2291 genus
1108 2202 1260 2292 pertinet.

80 2303 248 2386 150Quae
273 2301 477 2371 constructio
502 2322 607 2389 quum
630 2321 698 2367 non
719 2300 824 2391 possit
844 2322 913 2369 non
940 2303 1025 2368 mira
1051 2324 1094 2371 ac
1117 2303 1262 2375 difficilis

148 2405 316 2495 explicatu
346 2405 469 2491 videri,
512 2404 556 2485 ab
580 2401 651 2488 his,
691 2404 751 2490 qui
777 2403 902 2493 ubique
930 2405 1061 2494 ellipses
1089 2415 1262 2496 quaerunt,
1306 2394 1310 2403 ⁵

147 2508 312 2584 facillimo
336 2533 414 2578 sane
438 2509 544 2576 modo
565 2507 815 2602 explanaretur,
849 2507 910 2576 nisi
924 2508 1057 2575 omissio
1076 2511 1262 2600 particulae
1299 2522 1310 2551 ²

150 2607 304 2684 11111111
321 2606 394 2710 πρό
413 2622 484 2679 tam
509 2610 652 2679 absurda
669 2618 774 2695 esset,
801 2633 841 2677 ea
863 2619 900 2678 nt
914 2610 975 2676 nisi
989 2633 1126 2700 prorsus
1142 2635 1262 2687 occae-

69 2730 75 2743 “
149 2723 228 2783 cato
249 2714 294 2781 ad
315 2737 415 2796 sanae
435 2713 570 2781 rationis
583 2712 696 2780 lucem
711 2712 843 2780 homini
860 2735 928 2779 non
942 2724 1055 2803 posset
1068 2716 1103 2783 in
1116 2726 1262 2785 mentem

55 2835 58 2842 ’
148 2816 271 2884 venire.
323 2818 413 2911 Nam
426 2817 490 2884 nisi
504 2838 566 2884 usu
585 2815 654 2883 iam
674 2823 858 2900 constaret,
885 2816 1068 2908 gemtivum
1084 2841 1263 2910 compara·

147 2919 232 2988 tioni
243 2920 419 3005 inservire,
443 2940 627 3007 numquam
644 2918 689 2985 de
710 2920 772 2986 ista
791 2919 902 3008 ellipsi
915 2920 1091 3009 quisquam
1116 2924 1263 3014 cogitas·

148 3029 209 3091 set.
277 3022 390 3107 Quam
415 3022 541 3092 Graeci
569 3021 597 3087 si
626 3019 871 3106 adhibuissent,
921 3032 1078 3112 poteraut
1105 3027 1262 3114 profecto

148 3125 250 3194 etiam
264 3126 487 3195 accusativum
508 3122 635 3192 nomini
654 3127 885 3215 comparativo
905 3125 1064 3218 iungere,
1089 3122 1191 3222 napo?
1212 3131 1262 3196 in·

148 3228 357 3320 telligentes:
392 3228 486 3320 quod
508 3229 584 3317 quis
602 3250 690 3296 nunc
711 3250 781 3295 non
800 3229 948 3318 portenti
968 3231 1068 3296 instar
1088 3229 1263 3300 habiturus

151 3332 260 3399 esset?
284 3333 478 3402 Planissima
500 3352 581 3400 vero
607 3340 674 3417 est,
698 3354 808 3421 neque
830 3333 902 3400 ullo
923 3331 1056 3423 indiget
1071 3333 1181 3400 alieno
1199 3334 1263 3402 ad-

72 3518 74 3523 ,
150 3435 312 3505 miniculo
334 3435 397 3503 ista
419 3433 628 3506 constructio.
687 3436 776 3505 Nam
804 3434 888 3502 sicut
916 3435 1041 3503 Graeci
1066 3436 1183 3504 dicunt
1205 3441 1264 3510 δῖα

48 3529 51 3534 ’
151 3529 294 3625 θεάων,
333 3538 452 3627 ἔξοχος
477 3536 619 3625 ἄλλων,
659 3532 877 3631 ἀριδείκετος
908 3533 1068 3631 ἀνδρῶν,
1117 3536 1265 3635 ἄριστος

150 3634 334 3729 Ἀχαιῶν,
364 3641 411 3707 ita
433 3640 533 3708 etiam
555 3639 785 3726 comparativo
808 3640 943 3707 nomine
965 3641 1015 3707 usi
1037 3648 1127 3727 sunt,
1168 3668 1264 3736 προ-

152 3744 367 3838 φερέστερος
382 3737 552 3815 ἁπάντων
569 3741 734 3826 dicentes,
760 3764 864 3830 quum
878 3766 955 3809 eum
967 3744 1092 3811 vellent
1104 3743 1265 3829 indicare,

30 3857 32 3860 ’
151 3845 211 3932 qui
222 3844 307 3912 inter
323 3846 406 3915 alios
420 3856 505 3914 esset
517 3844 746 3934 praestantior.
796 3847 860 3931 At,
884 3846 1011 3933 inquiet
1037 3847 1173 3935 aliquis,
1198 3869 1266 3915 non

151 3946 258 4014 modo
271 3947 395 4038 plurali
409 3969 566 4032 numero,
592 3948 653 4015 sed
670 3950 772 4016 etiarn
792 3949 953 4038 singulari
974 3950 1138 4040 genitivus
1151 3951 1266 4041 iungi-

152 4056 223 4117 tur:
252 4051 329 4123 ἐπεὶ
356 4048 399 4125 ου’
427 4057 513 4125 ἕθεν
533 4048 611 4123 ἐστὶ
628 4048 795 4147 χερείωνε
818 4051 877 4119 ubi
891 4053 954 4119 ista
968 4052 1147 4142 explicatio
1166 4052 1266 4122 cadat

153 4175 290 4222 necesse
310 4162 368 4222 est.
417 4154 600 4221 Enimvero
622 4153 763 4243 proprie
785 4153 923 4244 quidem
943 4157 1119 4247 singularis
1136 4156 1270 4224 numeri

153 4277 278 4325 nornen
304 4279 372 4325 non
391 4264 525 4351 poterat
543 4255 639 4352 iungi
660 4258 908 4351 comparativo,
934 4259 995 4329 sed
1010 4281 1115 4347 quum
1134 4281 1199 4352 per
1214 4281 1270 4329 eas
1308 4354 1310 4359 ,
