2826 4904
421 325 479 388 DE
510 325 797 388 PRONOMINE
831 328 1036 389 Aaron·
1207 324 1271 393 835
1347 396 1351 403 ,

360 493 474 572 οἶσθα
476 525 568 618 γαρ
591 496 634 571 δν
655 493 887 591 cuduinus,

360 603 396 673 εἰ
416 593 536 695 τούτῳ
559 596 679 674 ravani
697 596 844 695 rationu
863 601 972 692 ἴσχεις

357 696 457 797 μάλα
473 727 536 776 τοι
549 701 671 800 ἄπορα
693 709 853 785 πυκινσῐσ
875 706 1030 778 συνιδιῖν
1051 694 1165 799 ιισῖθη

154 839 289 911 chorus
310 839 592 929 Neoptolemum,
618 847 830 909 cunctantem
842 840 901 908 ubi
913 839 1073 909 festinato
1083 861 1169 931 opus
1184 842 1265 922 erat,

153 945 199 1013 ita
214 951 345 1010 moneta
369 941 452 1010 vide
470 942 557 1032 qnid
574 963 688 1034 ngas,
713 943 745 1012 si
762 942 826 1012 titt
846 965 926 1011 cnm
949 965 1005 1029 eo,
1032 964 1135 1036 quem
1151 940 1314 1010 nomi-to

152 1067 242 1116 nure
262 1046 361 1129 noto,
388 1044 516 1112 endem
539 1046 711 1114 sententia
737 1054 789 1114 est
809 1046 855 1114 de
884 1046 1007 1132 malis,
1044 1066 1137 1138 quae
1166 1047 1266 1113 inex-

153 1147 332 1220 tricabilia
352 1149 533 1215 imminere
551 1148 750 1239 prudentes
773 1148 984 1240 intelligunt.
1035 1150 1116 1218 Hoc
1136 1156 1201 1233 est,
1241 1147 1269 1214 si

153 1255 204 1323 sic,
223 1252 342 1337 sentiS,
380 1259 418 1318 ut
440 1250 594 1339 VlysseS,
634 1251 736 1320 facile
758 1252 944 1344 intelligeS,
987 1251 1048 1319 nisi
1072 1251 1182 1319 statim
1210 1258 1268 1317 aut

153 1375 287 1439 mcum,
320 1363 378 1421 aut
396 1353 506 1442 ipsum
532 1353 758 1422 Philoctetam
785 1355 866 1424 hinc
892 1354 1040 1440 auferas,
1072 1375 1169 1439 mox,
1204 1351 1267 1418 illo

154 1456 415 1549 expergefacto,
449 1479 524 1523 eam
541 1480 614 1524 rem
637 1457 821 1547 plurimum
843 1457 1049 1526 difficultatis
1076 1455 1269 1525 habituram

153 1583 232 1635 csse.
291 1558 350 1629 Ad
382 1560 662 1628 constructionem
690 1562 785 1648 quod
811 1562 940 1645 attinet,
971 1553 1093 1632 ravani
1121 1552 1268 1652 γνώμαν

153 1665 262 1755 ἴσχεις
280 1661 400 1759 ἄπορα
417 1665 573 1735 συνιδεῖν
591 1656 695 1759 πάδη
712 1663 841 1733 dictum
854 1674 903 1730 est
914 1683 979 1752 pro
996 1654 1119 1734 σαυτσῖ
1134 1654 1267 1755 γιγυσῖ-

153 1790 246 1846 σιιεις
252 1764 349 1862 περὶ
372 1758 518 1860 σπόρων
539 1768 695 1837 συνιδεῖν
715 1765 863 1839 παθεῖνε
905 1762 1093 1834 cuiusmodi
1115 1772 1267 1833 constru-

154 1868 302 1939 ctionum
325 1869 498 1986 exempla,
524 1869 583 1955 qui
605 1866 813 1957 tragicorum
830 1868 976 1937 lectione
995 1867 1166 1934 exercitati
1182 1873 1277 1965 sunt.

150 1970 320 2062 plurima
310 1969 450 2036 inveniri
461 1970 577 2042 sciunt.
629 1968 809 2040 Caeterum
827 1974 983 2045 συνιδεῖν
1000 1993 1020 2037 θ
1040 1967 1177 2037 scholiis
1191 1969 1268 2035 Ro-

133 2074 274 2158 manis,
299 2073 394 2141 cuius
411 2073 563 2142 lectionis
584 2074 763 2164 vestigium
789 2076 888 2143 etiam
910 2075 945 2141 in
973 2073 1137 2162 scriptura
1158 2097 1268 2144 ιιυιι-

151 2182 286 2261 νυῖσιν,
319 2176 502 2262 invenitur,
535 2175 798 2266 praeferendum
823 2177 940 2248 dum
972 2175 1172 2268 Strophicus
1205 2197 1268 2242 au-

151 2270 227 2348 tem
245 2300 377 2363 versus,
409 2279 444 2346 in
465 2302 534 2369 quo
555 2278 685 2344 hiatum
710 2281 778 2347 iam
801 2280 884 2349 olim
900 2278 964 2346 sed
985 2279 1148 2348 nonsatis
1175 2286 1267 2349 recte

119 2420 128 2427 -
154 2381 354 2474 explevi,
330 2405 378 2450 stc
401 2391 451 2450 est
472 2378 682 2451 scribendus:

303 2511 394 2590 πολύ
409 2547 471 2608 rr,
497 2511 591 2592 noio
613 2544 713 2618 παρα
705 2482 827 2592 nida
848 2514 981 2615 ιρσῖτσς
996 2515 1162 2660 σῖρνυται.

152 2655 301 2799 Metram
323 2653 563 2726 dochmiacum
586 2664 644 2724 est.

177 3094 342 3189 Αδσῆμαρ
364 3109 396 3164 et
417 3104 539 3165 similia.
567 3099 638 3168 ‘Tu’
661 3099 761 3183 arico,
791 3097 858 3171 aiud
880 3102 918 3170 ιδ
941 3097 1030 3170 αὐτό
1062 3095 1118 3166 Ἐν
1140 3094 1238 3184 αὐτῷ

253 3277 377 3346 Redeo
400 3275 579 3344 adnomen
597 3271 717 3358 αὑτός.
768 3279 839 3346 Aln
851 3278 938 3362 locr,
964 3298 1049 3364 quos
1062 3274 1267 3344 Schaeferus

154 3362 276 3450 cadem
297 3379 424 3472 pagina
446 3388 480 3446 et
502 3387 662 3467 sequente
685 3380 812 3466 attulit,
838 3390 875 3448 ut
894 3373 1005 3458 αὐτός
1027 3400 1092 3470 pro
1114 3376 1135 3452 ὁ
1158 3370 1267 3457 αυτδς

151 3484 195 3552 ab
221 3484 343 3555 Atticis
370 3505 554 3571 eorumque
584 3483 804 3552 imitatoribus
831 3484 901 3553 dici
922 3474 1134 3568 ostenderet,
1168 3480 1269 3549 alieni

151 3595 226 3654 sunt
252 3588 297 3654 ab
317 3587 386 3655 hac
406 3588 557 3670 ratione,
586 3608 691 3675 quum
717 3587 752 3653 in
773 3587 926 3655 omnibus
946 3584 1019 3655 hoc
1044 3606 1168 3655 nomen
1192 3585 1269 3674 ipsc

138 3689 339 3781 significet,
364 3692 459 3758 utin
480 3689 646 3757 adverbiis
668 3685 862 3788 αὐτῆμαρ,
895 3686 1065 3763 adrorati
1070 3742 1084 3776 ,
1119 3687 1276 3777 aliisque,-

150 3814 298 3882 quornm
318 3794 447 3861 nollem
469 3793 674 3861 mentionem
697 3794 830 3862 fecisset
850 3792 902 3863 vir
922 3792 1216 3885 praestantissimus
1231 3813 1266 3880 p.

151 3892 213 3964 5⁹5.
241 3918 311 3985 quo
331 3897 471 3986 quidem
492 3897 571 3966 loco
590 3898 693 3965 etiam
712 3897 777 3964 alia
799 3897 967 3988 quaedam
983 3895 1139 3987 exempla
1156 3893 1266 3976 affert,

130 4088 133 4095 Ι
152 4022 242 4088 quae
253 4001 405 4089 quamvis
418 4001 571 4090 speciosa
584 4001 667 4089 sint,
693 4009 820 4070 tantum
843 4010 955 4069 tamen
977 4002 1088 4084 abest,
1114 4008 1152 4067 ut
1170 3997 1266 4064 illam

131 4104 345 4172 ¹sententiam
375 4104 589 4190 confirment,
631 4114 669 4172 ut
692 4105 800 4196 magis
829 4103 1032 4176 contrarium
1056 4125 1174 4172 verum
1195 4106 1266 4169 esse

134 4212 136 4217 '
152 4205 392 4280 demonstrent.
419 4206 544 4276 Ordiar
561 4205 744 4285 aformula
757 4206 818 4280 ὑπ’
832 4203 942 4294 αὐτό,
969 4229 1071 4295 quam
1087 4204 1152 4275 nub
1169 4204 1267 4273 idem

148 4315 287 4405 ternpus
315 4311 505 4407 significare
532 4319 630 4404 putat
651 4311 808 4405 Toupius
837 4311 884 4381 ad
905 4310 1100 4405 Longinum
1125 4332 1161 4403 p.
1177 4306 1264 4377 3⁰2.
