2826 4904
79 315 83 326 '
215 314 279 379 loo
442 307 501 372 DE
526 306 712 370 ELLIPSI
738 307 795 370 ΕΤ
812 305 1100 370 Pnuonlsno

212 482 361 576 probare
380 460 543 550 videatur.
594 478 691 566 Quid'
708 503 790 549 vero
821 479 927 562 τᾶςδι
953 480 1018 576 γοῖς
1041 474 1165 578 πόσις,
1209 482 1271 553 vel
1294 482 1335 564 ὃς

214 585 261 658 ἄν
282 578 433 681 δύνηται
455 580 582 664 πόλεος
609 583 702 652 aliud
728 593 794 670 cst,
819 606 921 672 quam
950 577 1119 681 ἐγχώριος
1141 578 1268 675 πόσις,
1298 595 1348 681 et¹

214 687 253 768 ὂς
272 686 318 760 οἲν
341 686 486 785 πολίτης
503 680 656 767 δονατός
676 680 725 782 qi?
750 687 808 755 Ad
825 687 984 756 eumdem
999 710 1096 755 usum
1115 688 1195 755 talia
1218 693 1332 781 perti·

211 800 309 876 nent,
336 799 375 856 ut
391 790 527 863 πολλοῦ
540 783 694 885 χρόνον,
719 788 817 870 τίνος
829 783 978 887 χρόνον,
1004 813 1150 880 quorum
1168 794 1331 885 exempla

211 892 292 968 vide
308 914 345 983 p.
359 889 446 959 675.
467 891 554 960 723.
579 893 750 960 Homerus
772 891 869 960 Iliad.
884 893 943 960 XI.
959 891 1046 961 699.
1086 923 1087 927 ’

313 1021 431 1104 trono
443 1023 512 1127 γοὶρ
528 1025 559 1128 ρ’
573 1022 726 1103 ἐκοίνωσε
739 1025 802 1128 βίη
814 1024 1033 1129 Ἡρακληείη

312 1132 387 1206 τοῖν
407 1133 593 1232 προτέρων
608 1133 726 1206 ἐτέων.

210 1268 277 1339 vix
297 1292 383 1361 opus
404 1277 473 1354 est,
507 1277 544 1336 ut
563 1289 776 1354 moneamus,
807 1292 876 1338 non
905 1268 1035 1337 diversa
1056 1290 1152 1356 esse,
1179 1293 1269 1365 qnae
1289 1295 1326 1364 p.

210 1371 297 1441 694.
324 1379 644 1456 commemorantur,
670 1371 740 1444 τοῦ
760 1367 797 1445 δ’
818 1366 971 1469 Ἀτρέος
993 1373 1083 1469 ἔφυ,
1109 1369 1272 1471 Ἀτρέως
1286 1375 1327 1450 δέ

209 1471 452 1569 Ἀγαμέμνων
479 1476 564 1571 ipo·
606 1473 677 1548 τοῦ
703 1474 742 1548 δέ
772 1469 973 1568 Λάβδακον
1002 1474 1116 1570 φῦναι
1143 1479 1324 1570 λέγουσιν,

208 1578 290 1646 item
317 1603 353 1671 p.
382 1576 469 1647 ’(49.
498 1574 694 1673 αρατίστοο
718 1572 858 1674 πατρός
876 1569 1057 1674 Ἑλλήνων
1078 1579 1255 1676 τραφείς,
1289 1581 1325 1650 in

208 1683 332 1772 quibus
346 1683 428 1753 locis
446 1681 598 1750 omnibus
613 1681 751 1776 poetica
772 1680 885 1776 φῦναι
901 1688 934 1748 et
948 1680 1134 1776 τραφῆναι
1152 1704 1219 1772 pro
1242 1684 1323 1750 sim-
1374 1704 1377 1712 ·

207 1785 292 1877 plici
309 1782 403 1858 εἷναι
418 1784 606 1853 dictasunt.
657 1785 698 1852 In
716 1783 834 1876 primis
850 1792 963 1851 autem
976 1782 1046 1853 huc
1059 1784 1231 1852 referendi
1249 1793 1323 1854 sunt

207 1889 347 1980 genitivi
362 1888 525 1974 absoluti,
551 1886 597 1955 de
614 1888 736 1977 quibus
751 1909 839 1977 qnae
859 1910 895 1978 p.
911 1884 998 1953 692.
1024 1884 1111 1973 Ί99,
1134 1884 1223 1955 751.
1253 1897 1323 1956 tra-

208 1991 350 2076 duntur,
375 1991 432 2059 vel
444 1990 515 2059 hoc
526 1991 662 2059 nomine
681 1991 767 2058 falsa
786 1999 879 2075 sunt,
905 1988 1002 2079 quod
1020 2012 1088 2058 non
1107 1990 1172 2058 nisi
1192 1991 1228 2058 in
1244 1993 1321 2080 qui-

206 2093 350 2163 busdam
371 2094 456 2164 locis
480 2102 515 2164 et
527 2093 752 2164 locutionibus
768 2092 1070 2183 ‘admittipossuntt
1094 2093 1192 2182 quod
1206 2103 1321 2163 contra

207 2197 402 2288 explicatio,
445 2221 550 2290 qnam
580 2219 682 2290 supra
717 2197 787 2264 iam
826 2195 1015 2288 attigimuS,
1049 2196 1144 2264 nullo
1174 2197 1211 2267 in
1242 2200 1318 2266 loco

204 2301 301 2369 fallit.
335 2343 337 2348 -
1062 2362 1065 2370 .

309 2400 455 2470 Omnino
478 2401 636 2473 latissime
663 2411 759 2495 patet
784 2399 843 2472 hic
868 2402 981 2473 locust
1015 2425 1084 2492 quo
1107 2412 1200 2472 recte
1221 2402 1318 2471 intel·

99 2595 102 2599 .
204 2506 314 2590 lecto,
353 2530 440 2596 quae
467 2507 617 2596 reliquae
650 2515 724 2574 sunt
751 2507 1038 2596 praepositionum
1064 2528 1144 2575 cnm
1168 2508 1317 2598 genitivo

205 2609 350 2679 construi
372 2608 544 2678 solitarum
561 2610 716 2699 ellipncn,
735 2610 974 2677 submoventur
993 2632 1117 2678 omncs.
1168 2610 1242 2678 Sed
1260 2632 1318 2677 an-

135 2711 201 2774 153
209 2723 344 2802 tequam
367 2711 402 2778 in
432 2733 473 2779 eo
496 2712 697 2803 explicando
719 2712 997 2804 progrediamur,
1035 2734 1249 2782 occurremus
1270 2713 1318 2794 iis,

204 2818 262 2904 qui
275 2814 349 2897 his,
375 2809 420 2885 οὗ
440 2822 473 2881 ct
495 2810 627 2903 αὐτοῦ,
655 2823 688 2882 et
712 2816 899 2885 Homerico
910 2817 974 2884 isto
991 2814 1147 2911 ’Ἄργεος
1167 2812 1316 2906 Ἀχαιϊ-

203 2916 271 2990 αοῦ
284 2917 372 2985 male
387 2917 436 2982 uti
448 2916 584 3007 possint.
635 2917 677 2985 ld
700 2918 793 3006 quod
817 2919 942 2989 accidit
954 2918 1164 3012 Musgravio,
1189 2921 1249 3008 qui
1272 2916 1316 2985 ad

203 3018 388 3110 Sophoclis
414 3021 587 3089 Electram
610 3044 641 3087 v.
671 3019 757 3089 996.
790 3016 875 3102 νέως
898 3020 1052 3115 ἄγοντα,
1093 3021 1189 3112 quod
1212 3029 1262 3089 est
1282 3021 1315 3087 in

202 3122 396 3192 PhilOOleta
417 3145 449 3189 v·
472 3122 579 3209 639,
604 3146 668 3214 pr⁰
689 3123 746 3198 ἐπὶ
767 3118 852 3205 νέως
873 3123 1002 3194 dictum
1029 3126 1170 3217 putavit.
1228 3125 1316 3192 Nam

203 3224 275 3296 hoc
296 3226 369 3294 ficri
391 3227 521 3315 nequit,
554 3251 665 3317 noque
689 3230 753 3296 ista
775 3230 880 3298 verba
907 3229 998 3297 aliud
1022 3229 1211 3320 significare
1233 3248 1316 3318 pos-

204 3339 297 3415 sunt,
340 3354 443 3417 quam
474 3332 660 3401 docentem
691 3331 738 3402 ab
765 3333 866 3418 navi,
915 3333 1064 3423 genitivo
1092 3331 1316 3400 remotionem

203 3433 428 3524 significante,
468 3435 513 3502 de
541 3460 609 3526 qna
636 3460 673 3504 rc
699 3460 800 3527 supra
830 3437 1038 3505 dictumest.
1106 3435 1185 3520 Quo
1208 3434 1317 3526 magis

204 3539 324 3621 miror,
354 3536 577 3606 Schacfernm
604 3564 640 3632 p.
660 3537 749 3607 nlo.
772 3542 807 3607 in
832 3541 990 3607 eumdem
1017 3563 1095 3610 cum
1117 3537 1316 3630 Musgravio

204 3663 353 3709 errorem
366 3639 529 3708 incidisse.
564 3644 743 3713 Revocarc
760 3667 818 3711 eos
834 3644 1012 3734 potuisset,
1038 3641 1132 3733 qnod
1144 3641 1179 3710 in
1194 3640 1316 3709 eadem

202 3745 320 3813 fabula
335 3744 453 3835 paullo
472 3754 548 3812 ante
564 3747 725 3836 scriptum
740 3756 789 3815 est
800 3770 831 3815 v.
846 3746 933 3815 614.

306 3863 456 3959 ἄγοιντο
473 3859 582 3954 νήσου
597 3863 710 3964 τῆςδ’,
738 3862 800 3962 ἐφ’
820 3865 859 3964 ἧς
875 3865 969 3941 ναέοι
990 3865 1117 3941 τανῦν.

126 4038 130 4090 3
203 3987 351 4058 Omnino
380 3988 443 4055 ista
466 3986 652 4056 Schaefcro
676 3989 793 4056 infelix
813 3988 940 4079 pagina
961 3988 1061 4054 fuisse
1083 3987 1232 4073 videtur,
1257 3990 1319 4077 qni

128 4098 132 4108 “
202 4091 332 4159 ibidem
350 4098 485 4183 praeter
502 4091 594 4159 hunc
614 4091 730 4160 locum
747 4101 815 4159 trcs
831 4093 914 4159 alios
936 4091 1086 4161 eiusdem
1101 4092 1241 4160 fabulae
1260 4092 1319 4158 lo-

204 4215 262 4262 cos
277 4218 382 4280 secus,
409 4218 451 4265 ac
470 4194 629 4280 (lebebat,
654 4195 886 4285 interpretatus
910 4197 1027 4264 fucrit:
1052 4218 1084 4264 v.
1107 4195 1233 4281 1178„
1257 4196 1319 4263 ubi

131 4339 136 4373 ι
204 4299 315 4392 ἴωμεν
328 4292 412 4380 ναός
426 4321 548 4369 eamus
562 4298 599 4368 in
619 4299 703 4368 novi
719 4299 909 4392 significare
922 4301 1010 4387 urolt,
1037 4299 1131 4390 qnod
1151 4300 1227 4369 fieri
1247 4321 1320 4368 non
