2826 4904
454 308 504 370 IN
532 306 722 370 GRAECA
749 305 938 369 LINGH
1185 310 1248 375 201

134 453 232 552 ιιιίι
247 481 436 552 meam.
455 478 567 550 lzoo.

237 612 520 717 Αλιρρόθιον”
498 645 543 691 οτ
581 613 705 689 ἔκταν’
729 612 910 713 ω’μόφροιν
928 613 1058 739 Αρης,

236 721 348 817 μῆνιν
366 713 551 817 θυγατρός
573 713 727 793 α’νοσίοιν
746 746 1016 817 νομφιοματοιν

135 856 197 925 ubi
215 856 326 952 μῆνιν
345 857 438 925 idom
462 863 529 940 oet,
561 854 656 944 quod
675 848 842 952 μήνιμα,
867 863 905 923 ut
926 855 1020 946 apud
1041 853 1251 944 Aeschylum

135 960 172 1027 iu
192 958 335 1027 Eumen.
353 959 439 1027 234.
464 968 499 1027 et
512 956 607 1047 apud
621 958 844 1029 Plutarchum
858 960 894 1027 in
907 959 1074 1027 amatoriis
1088 957 1251 1028 narratioe

134 1062 235 1131 uibus
251 1084 287 1154 p.
307 1059 393 1130 773.
413 1063 455 1132 Β.
470 1062 658 1130 Homerus:

239 1198 284 1280 uic
298 1197 413 1291 οΐμὲν
426 1191 617 1295 μάρναντο
631 1198 740 1290 δέμας
760 1190 873 1293 πνρός
893 1197 1120 1289 αἰθομένοιο.

134 1333 274 1403 Eodem
287 1335 393 1403 modo
411 1333 510 1431 δίκην
525 1342 722 1425 usurpatur,
749 1344 783 1401 et
802 1326 941 1430 τρόπον
962 1341 996 1401 et
1025 1326 1161 1429 δοιριοῖν
1170 1387 1184 1421 ,
1217 1342 1253 1401 et

135 1443 270 1532 προῖκα
278 1493 292 1527 ,
327 1447 361 1506 et
392 1435 504 1533 ὄναρ,
539 1446 574 1504 et
591 1438 712 1525 τέλος,
747 1444 781 1505 et
801 1437 932 1533 πέρας,
967 1445 1002 1504 et
1028 1436 1158 1522 aliquot
1185 1437 1252 1502 alia

134 1541 298 1626 nomina,
323 1550 424 1630 atque
448 1539 543 1630 apud
564 1540 703 1607 Latinos
725 1561 850 1608 nomeu
872 1540 996 1608 instar.
1046 1539 1167 1607 Paullo
1185 1537 1252 1605 alia

135 1645 223 1711 ratio
239 1645 368 1714 estloci
380 1642 600 1734 Sophoclei'
590 1666 626 1710 m
640 1642 745 1713 Aiace
768 1665 800 1709 v.
830 1639 917 1708 luz.

238 1776 264 1876 ἦ
291 1807 337 1877 ρα
365 1805 404 1853 σε
427 1773 641 1874 ταοροπόλα
666 1772 757 1857 Διος
779 1775 959 1895 Αρτιμις

241 1880 388 1978 ἅρμασι
410 1876 658 1974 πανδαμοος’
641 1907 697 1954 επι
690 1878 796 1974 ’βοῦς
816 1875 1000 1972 ἀγελαίας,

239 1983 265 2080 ἦ
283 1979 355 2057 πού
376 2011 475 2065 τινος
497 1983 595 2064 νίκας
612 1977 828 2080 αἰιιίρτιωτον
844 1975 966 2079 χάριν,

238 2082 312 2183 ἤρα
338 2087 517 2162 κλοτων’
485 2112 684 2211 ιναρων,ν

239 2186 430 2280 ψιοσθιῐσ’
432 2238 444 2277 ,
470 2183 684 2309 οἱδωροις”
647 2216 701 2260 ειτ
709 2181 1018 2306 ἑλριφηβολίαις·

243 2286 265 2360 o‘
286 2284 564 2407 χαλιοθοὶραξ
541 2315 562 2384 η
585 2316 644 2361 τιν
681 2280 872 2366 Ἐνσαλιος
957 2307 961 2315 ·

239 2413 396 2482 μομφαν
423 2391 512 2478 ἔχων

240 2491 350 2573 foueri
369 2487 497 2587 δορός,
524 2489 697 2583 ἐννυχίοις
717 2493 898 2585 μαχαναῖς

241 2593 388 2666 ἐτίσατο
403 2591 543 2687 λοιβαν,·

135 2729 189 2798 Ita
204 2727 262 2798 hio
276 2731 370 2798 locus
386 2730 582 2804 scribendus
595 2729 728 2798 videtur
743 2729 800 2822 *).
825 2731 915 2799 male
940 2725 1086 2822 vulgo
1062 2756 1083 2825 η
1105 2755 1153 2827 ρα
1166 2730 1252 2800 κλο-

136 2859 211 2906 των
229 2826 366 2930 ἐνάρων
381 2839 583 2927 ψευσθεῖσα
600 2826 751 2930 δώροις,
778 2833 860 2901 et
836 2862 858 2931 η
884 2825 1139 2928 χαλκοθώραξι
1166 2854 1254 2920 quo-

136 2957 212 3002 rum
235 2931 440 3028 ψεσσθεισ’,
467 2931 620 3033 οἱδώροις
645 2936 835 3005 emendatio
861 2943 911 3004 est
931 2934 1127 3026 Musgravil.
1183 2932 1255 3002 Sed

138 3035 284 3106 etiam’'
260 3067 282 3126 η
304 3064 371 3134 ροι,
397 3047 434 3106 ut
454 3041 663 3124 inusitatum,
689 3040 765 3108 tolli
788 3039 946 3112 debebat.
994 3034 1100 3134 Ηρα
1117 3036 1254 3109 ιλντων

138 3134 277 3236 ἑνοῖρων
294 3148 343 3208 est
365 3140 458 3208 idem
473 3137 630 3231 quod'
583 3169 712 3238 χαριν,
739 3139 828 3210 ut
805 3169 877 3239 ηρα
901 3139 1096 3236 φιλοξενίης
1120 3161 1139 3205 e
1167 3136 1254 3204 val-

137 3241 286 3312 ckeuarii
301 3244 589 3311 emendationem
603 3241 805 3312 Callimachi
820 3244 943 3333 fragm.
969 3236 1031 3306 41.
1057 3237 1322 3310 Johnsonmlaa

138 3345 353 3415 scribendum
368 3341 558 3436 putabat'
534 3336 763 3440 ακαρσώτοο.
816 3344 868 3410 lta
889 3366 997 3435 χαριν
1018 3338 1147 3409 dictum
1161 3349 1254 3428 esset,

136 3447 206 3515 ut
197 3470 232 3515 m
250 3448 334 3518 locis
357 3471 459 3538 supra
479 3446 604 3531 allatis,
629 3445 674 3512 de
696 3445 868 3535 praemio,
894 3466 962 3533 quo
985 3442 1094 3510 Diana
1113 3444 1255 3513 Aiacem

139 3561 225 3618 esset
243 3560 460 3619 remunerata.
513 3549 617 3634 Quod
640 3557 769 3618 servato
795 3542 1009 3642 ακοῖριιωτον
1034 3546 1108 3616 fieri
1129 3546 1256 3635 nequit,

136 3647 259 3720 obi'
212 3680 318 3750 χαριν
333 3662 439 3744 poeta
459 3653 541 3723 dicit
556 3653 600 3720 de
617 3651 769 3743 praemio
788 3652 832 3718 ab
854 3650 960 3718 Aiace
980 3670 1049 3716 ιιοιι
1069 3648 1149 3716 dato
1169 3647 1256 3715 Dia-

136 3776 212 3823 nae.
263 3757 352 3823 Nam
382 3757 557 3848 enallage,
595 3778 698 3843 quam
723 3755 822 3844 fingit
851 3752 1084 3844 Musgravius‚
1126 3749 1257 3818 admitti

137 3879 207 3926 ιιοιι
225 3866 355 3948 potesta
380 3882 483 3949 quam
502 3859 650 3949 figuram
672 3858 807 3924 omniuo
826 3878 952 3946 operae
970 3853 1117 3945 pretium
1129 3853 1257 3921 faceret

137 3961 197 4051 qui
220 3962 415 4030 arctioribus
437 3962 560 4031 finibus
580 3960 875 4030 circumscriberet.
908 3956 1054 4044 Quod
1030 3980 1058 4025 οι
1074 3952 1146 4055 ἦρα
1168 3959 1256 4028 αλο-

112 4359 128 4387 .
181 4283 214 4364 *)
234 4283 313 4344 Vide
331 4283 454 4366 quaein
470 4280 600 4346 editione
614 4283 713 4347 Aiacis
727 4284 878 4347 adnotavi.
