2826 4904
138 279 182 340 ’18
441 265 935 337 cojunnnnnnlo

239 445 353 514 Vnum
381 442 497 511 adhuc
523 440 672 511 Pollucis
698 464 868 524 errorem,
897 463 1002 534 quem
1014 438 1115 511 huius
1131 453 1258 513 aucto-

139 553 236 619 ritate
267 549 352 617 moti
378 548 573 637 interpretes
598 546 729 635 sequuti
761 555 856 630 sunt,
896 546 1089 636 castigabo,
1127 548 1258 638 partim

137 656 218 745 quia
237 651 282 719 ad
305 650 462 719 eumdem
485 650 601 720 locum
619 647 872 740 Xenophontis,
898 648 1025 737 dequo
1046 650 1259 741 disputatum

140 771 190 826 est
210 755 380 847 pertinet,¹
405 754 527 844 partim
540 762 578 820 ut
598 752 668 820 hoc
688 774 825 841 quoquc
847 752 1004 842 exemplo
1024 753 1063 821 id
1082 754 1177 842 quod
1195 777 1258 822 su-

137 884 203 953 pra
226 858 295 925 dixi
312 858 505 947 imperitum
528 856 577 924 rei
598 857 757 944 equestris
775 855 877 924 fuisse
887 857 1064 926 Pollucem
1077 867 1257 981 appareat.

139 966 192 1032 lta
210 963 313 1053 igitur
334 959 528 1050 Xenophon
550 959 677 1026 scribit.
704 961 761 1033 δεῖ
781 959 896 1031 δὲκαὶ
917 954 1258 1053 α’πολαμβάνεινέν

139 1072 219 1146 ταῖς
235 1069 425 1158 στροφαῖς
453 1059 498 1135 ου’
517 1056 586 1189 γάρ
611 1055 739 1159 ῥᾴδιον
759 1061 812 1155 τῷ
827 1069 943 1155 ἵππῳ,
971 1059 1054 1145 οὐδ’
1082 1060 1258 1188 άρφαλές,

139 1174 178 1243 ἐν
193 1167 246 1261 τῷ
259 1159 364 1256 τάχει
379 1164 469 1238 ὄντα
482 1159 661 1291 κάμπτειν
680 1169 718 1237 ἵν
733 1164 865 1290 μικρῷ,
892 1132 1005 1246 άλλως
1022 1192 1064 1238 τε
1077 1165 1144 1238 κάν
1161 1161 1259 1239 άπά·

139 1295 277 1395 κροτον
297 1296 317 1364 η
307 1262 581 1366 ὀλισθηρόν
557 1260 654 1386 ῃτά
664 1264 805 1360 χωρίον.
833 1294 925 1339 οταν
936 1293 977 1359 χε
991 1294 1066 1361 μην
1080 1265 1258 1361 ὑπολαμ-

138 1367 232 1471 βάνῃ
241 1426 255 1460 ,
282 1398 327 1451 ας
343 1369 471 1468 ἥκιστα
494 1369 563 1463 μὲν
574 1395 652 1490 χρη
670 1363 737 1442 τόν
759 1377 869 1441 ἵππον
884 1373 1112 1464 πλαχιοιῖν
1075 1398 1126 1442 τω
1114 1371 1257 1461 ’χαλι-

140 1476 209 1570 νῷ,
244 1470 288 1554 cic
315 1470 509 1570 ἤκισταδ’
535 1466 650 1545 αὐτόν
690 1472 956 1601 πλαχιοῦσβαι·
990 1475 1026 1545 εἰ
1055 1473 1092 1546 δὲ
1112 1466 1184 1569 μή,
1211 1471 1258 1547 εὖ

138 1604 205 1673 χρη
199 1572 434 1704 εἰδέναι,“
420 1573 480 1649 ο’τί
498 1569 613 1672 μικρά
645 1568 826 1669 πρόφασις
851 1570 993 1668 άρκέσει
1018 1583 1165 1648 κειπθαι
1193 1576 1258 1650 καί

139 1672 254 1754 αὐτόν
276 1679 335 1751 καί
357 1671 424 1751 τάν
441 1685 561 1750 ἵππον
613 1678 704 1746 Tam
727 1680 818 1745 clare
843 1675 932 1746 haec
952 1688 1053 1767 atque
1073 1680 1259 1802 perspicue

139 1785 266 1873 scripta
285 1790 378 1865 sunt,
405 1790 443 1850 ut
467 1779 614 1848 dubitari
632 1804 700 1848 nou
719 1782 846 1871 possit,
872 1782 953 1871 quin
978 1777 1260 1875 ὑπολαμβάνειν

139 1885 306 1977 significet
327 1907 451 1972 equum
475 1908 495 1951 a
516 1884 680 1954 celeriore
702 1908 800 1954 cursu
816 1884 978 1953 cohibere
995 1895 1028 1951 et
1040 1885 1161 1952 leutius
1179 1910 1260 1954 ma-

139 1990 258 2082 gisque
279 1988 475 2073 confertim,
501 1985 596 2076 quod
619 1980 748 2080 ἁθρόῳ·
769 1988 822 2081 coi
839 1995 933 2082 ἵππῳ
951 1989 1085 2058 Graece
1102 1994 1259 2076 vocatur,

140 2113 268 2184 cogere
288 2091 457 2160 incedere.
513 2090 612 2158 Idem
627 2090 723 2157 verbi
739 2113 815 2157 usus
837 2100 887 2157 est
906 2091 1007 2159 etiam
1020 2087 1178 2164 1Χ..5
1155 2119 1201 2186 ην
1215 2095 1261 2168 dd

138 2196 199 2269 καί
214 2197 263 2275 εἰς
275 2187 321 2267 τό
344 2194 489 2268 θάττον
503 2185 718 2287 ὁρμώμενον
740 2193 811 2266 τοῦ
828 2193 960 2289 καιροῦ
980 2189 1258 2290 ὑπολαμβάνειν

45 2358 49 2363 .
138 2291 274 2422 βούλῃ
289 2291 356 2369 τάν
396 2296 599 2420 θρμοειδῆ,
634 2323 678 2368 ου
670 2292 759 2369 ’δεῖ
780 2295 992 2379 ἐξαπιναίως
1015 2298 1131 2388 οποῖν,
1172 2295 1258 2371 ἀλλ’

139 2397 319 2524 ἠρεμαίας
332 2393 577 2496 προςάχεσθαι
596 2426 647 2493 τῳ
635 2399 806 2492 ’χαλινῷ
812 2453 826 2488 ,
849 2392 1077 2492 πραΰνοντα,
1106 2428 1150 2474 ον
1140 2397 1258 2494 ’-βια

139 2496 291 2624 ζομενον
322 2499 481 2599 ἠρεμεῖν
531 2470 645 2570 Nostri
666 2501 737 2570 hoc
759 2501 944 2570 αειῖιοῖλοπ
971 2513 1109 2588 vocant,
1143 2514 1176 2572 et
1201 2527 1258 2573 res

138 2609 213 2696 ipsa
256 2607 292 2672 in
320 2605 444 2673 scholis
480 2606 689 2694 equestribus
718 2602 825 2671 Ῑιαίίιε
849 2607 1000 2697 parade
1021 2605 1166 2692 dicitur,
1200 2610 1257 2677 vel

140 2708 263 2777 demi-
271 2704 379 2774 amet
438 2707 485 2773 At
508 2729 590 2775 vero
604 2705 729 2773 Pollux
750 2707 816 2774 alia
832 2706 914 2776 huic
933 2709 1040 2777 verbo
1070 2711 1182 2778 addit.
1215 2715 1257 2785 ἐν

141 2811 179 2883 δὲ
200 2815 280 2888 ταῖς
302 2814 497 2903 στροφαῖς,
523 2809 644 2899 inquit,
678 2835 721 2880 oo
714 2803 797 2882 ’δεῖ
815 2804 1012 2892 ἐξελαύνειν
1036 2807 1103 2908 τάν
1127 2821 1255 2902 ἵππον,

142 2904 235 2985 άλλά
255 2905 551 3040 α’νριλαμβάνειν,
586 2910 675 3007 ὅπερ
702 2906 765 2984 καί
794 2897 1068 3040 ὑπολαμβάνειν
1095 2918 1255 3008 λέγεται,

140 3012 201 3087 καί
223 3015 412 3104 κατέχειν,
443 3014 502 3086 καί
526 3011 724 3134 ιῖρεμιᾛζειν
759 3042 820 3086 και
811 3012 993 3107 άνέχειν
1044 3020 1084 3087 Ιιι
1107 3019 1162 3087 his
1187 3020 1257 3087 alia

140 3126 258 3207 aperte
282 3116 385 3202 lalsa,
412 3117 478 3187 alia
502 3119 558 3186 vix
585 3142 666 3186 vera
692 3127 775 3184 sunt.
809 3121 887 3188 ·Ac
910 3121 1033 3188 falsum
1055 3131 1122 3208 est,
1158 3122 1257 3212 quod

39 3301 44 3326 ρ
141 3213 414 3314 ἀναλαμβάνειν
437 3230 535 3312 putat
555 3223 647 3292 idem
664 3245 741 3305 ⁸esse
763 3223 858 3311 quod
892 3218 1181 3318 άπολαμβάνεινι
1218 3227 1255 3293 in

140 3346 209 3412 quo
224 3326 314 3392 male
337 3348 415 3393 eum
432 3328 564 3415 se'qnuti
584 3337 660 3395 sunt
675 3326 892 3416 iuterpreteS,
919 3338 1020 3415 atque
1039 3329 1075 3395 in
1096 3328 1135 3395 iis
1149 3331 1256 3423 ¹Stur··

139 3429 221 3496 zius.
271 3423 564 3521 Ἀναλαμβάνειν
586 3433 675 3499 enim
700 3440 750 3497 est
769 3430 884 3499 facere
910 3441 949 3497 ut
978 3453 1082 3519 equus
1112 3455 1256 3503 econ-ru

141 3529 315 3612 consistat,
347 3551 431 3615 nou,
462 3542 500 3600 ut
521 3534 641 3601 lentius
677 3532 827 3618 incedat,
854 3533 955 3624 quod
965 3543 1014 3601 est
1033 3529 1256 3628 ὑπολαμβά-

139 3660 226 3708 νειν.
279 3634 399 3722 ltaque
424 3630 697 3738 ἀναλαμβάνειν
719 3636 844 3705 Graeci
860 3636 976 3704 dicunt
989 3638 1084 3726 quod
1104 3662 1166 3706 uos
1186 3662 1256 3711 au-

140 3737 279 3821 hatten,
316 3737 506 3821 metirent,
532 3741 704 3830 pariren:
737 3749 772 3806 et
795 3763 868 3808 rem
889 3741 996 3830 isnam
1016 3763 1176 3810 vocamus
1190 3764 1255 3809 cr-
1289 3746 1292 3751 ’
1329 3803 1333 3813 s

139 3838 211 3926 ret,
238 3841 433 3933 pmade
458 3839 667 3912 Confirmant
695 3841 785 3913 hanc
805 3844 1063 3935 explicationem
1086 3846 1155 3914 duo
1172 3846 1256 3963 'loci

138 3943 393 4036 XenophontiS,
423 3943 483 4013 Ill,
510 3940 546 4011 5
579 3949 635 4020 δεῖ
662 3974 701 4040 γε
723 3975 796 4045 μην
825 3948 975 4027 ειίλείιαι,
1011 3949 1069 4021 καί
1098 3977 1131 4020 ει
1157 3943 1258 4044 66⁶-

140 4045 219 4128 θείς
245 4051 294 4128 ιίς
320 4042 431 4140 τάχος
457 4043 800 4142 άναλαμβάνεται’
783 4077 821 4122 εν
843 4058 982 4148 βραχεῖ
1032 4053 1080 4120 Et
1099 4052 1194 4120 Vlll
1217 4049 1254 4118 Ἰ.

140 4175 208 4268 χρη
226 4142 305 4271 χρίρ
310 4148 496 4278 ὁρμῶντος
509 4153 578 4244 μὲν
594 4159 794 4252 ε’ξαι’φνης’
776 4180 887 4226 ιπποιι
904 4150 1112 4250 προνεύειν·
1138 4151 1254 4279 ἧττον

140 4243 210 4347 χάρ
230 4249 275 4323 άν
290 4279 350 4325 ιιαι
343 4249 556 4333 ιῖποδιίοιὸ,
572 4263 699 4341 ἵππος,
725 4285 785 4331 και
777 4251 1005 4401 α’ναβάλλοι
1021 4251 1088 4332 τάν
1100 4252 1247 4353 άναβά-
