2826 4904
467 321 516 382 ιιι
546 296 733 383 caruca
759 321 946 420 nineve
1200 326 1267 390 ιιι

149 514 245 562 snam
258 495 321 560 sibi
334 493 509 584 propriam
524 503 654 562 servant
665 496 954 588 significationem.
1004 493 1116 564 Recte
1138 493 1172 562 in
1190 478 1276 565 liu-¹

149 596 267 689 ripidis
289 595 411 666 Oreste
430 621 460 666 v.
480 594 566 664 teu.
593 599 783 667 emendavit
796 597 1004 683 Brunckius,

683 728 739 832 μή
760 730 806 807 ov’
826 729 965 829 λα’βωσί
987 729 1024 806 σ’
1045 731 1212 825 ἄσμενοι,

149 891 194 938 ne
210 879 247 939 te
267 892 336 955 pon
359 868 537 963 excipiant
552 867 723 960 placide,
748 893 853 960 quum
876 870 920 943 od
938 871 980 939 ab
997 869 1139 937 librariis
1160 868 1263 939 omis·

147 996 221 1040 snm
239 981 332 1040 essct.
365 972 436 1040 Sed
455 972 565 1040 eidem
585 971 758 1042 Brunckio
778 997 846 1041 non
866 975 971 1047 semel
993 972 1060 1040 hae
1077 973 1264 1062 particulae

146 1074 303 1144 fraudem
318 1077 481 1160 fecenmt,
505 1075 564 1142 ιιι
555 1097 589 1143 ιιι
606 1074 791 1165 Sophoclis
805 1050 976 1169 Antigbna
988 1098 1020 1143 v.
1036 1073 1100 1149 33.

247 1238 309 1285 aaa
300 1211 429 1307 δεῦρο
447 1217 614 1298 νεῖσθαι,
640 1210 760 1285 ταῦτα
776 1217 852 1294 τοῖς
864 1239 916 1310 μη
939 1207 1005 1286 ain
1018 1203 1203 1285 εἰδόσι
1262 1217 1329 1280 213

249 1314 350 1410 σαφῆ
369 1307 649 1412 προκηρύξοντα.

146 1449 204 1519 Sic
218 1449 278 1516 ille
298 1450 435 1538 quidem
455 1449 578 1534 edidit,
604 1471 710 1538 quum
735 1447 813 1517 libri
834 1473 949 1520 omnes
971 1455 1048 1530 τοῖς
1067 1476 1119 1545 μη
1110 1442 1259 1523 εἰδόσι
1378 1445 1387 1469 “

144 1555 356 1644 praeberent.
420 1552 630 1637 Schaefero,
663 1552 779 1621 vitium
810 1554 979 1639 sentienti,
1019 1554 1054 1619 in
1084 1551 1259 1620 Meletem.

147 1656 219 1725 crit.
242 1678 277 1747 p.
303 1654 388 1724 1⁰8.
413 1656 628 1724 scribendum
644 1655 839 1740 videbatur,
864 1663 941 1735 τοῖς
956 1652 1020 1728 otiu
1036 1649 1161 1725 εἰδόσι.
1213 1655 1261 1722 At

145 1767 270 1848 quanto
285 1759 391 1826 lenius
405 1769 438 1826 et
449 1782 523 1827 usur
511 1758 822 1827 accommodatius
839 1759 961 1826 scribes
974 1761 1072 1829 τοῖσι
1093 1781 1145 1849 μη
1137 1748 1259 1828 εἰδό-

146 1887 213 1934 σιι.
239 1861 430 1929 Brunckius
450 1862 588 1951 quidem
611 1882 715 1947 quum
739 1860 853 1945 sciret,
878 1885 929 1954 μη
945 1857 990 1932 οὒ
1008 1880 1112 1948 saepe
1127 1857 1258 1949 signifi-

144 1985 224 2033 care
242 1965 325 2048 nisi,
350 1963 421 2032 hoc
442 1973 556 2032 tamen
576 1985 645 2031 non
663 1961 956 2049 animadverterat,
981 1963 1041 2031 ubi
1059 1953 1114 2053 μή
1133 1958 1197 2048 ori,
1224 1969 1260 2029 et

143 2068 202 2135 ubi
219 2067 416 2157 simpliciter
429 2094 481 2164 μη
474 2061 679 2136 dicendum
695 2074 788 2133 esset.
839 2065 882 2133 ld
897 2012 994 2154 qubd
1012 2064 1112 2133 etiam
1124 2061 1305 2132 Schne-

143 2169 218 2237 lero
235 2170 376 2255 accidit,
401 2171 460 2257 qui
479 2193 520 2237 eo
541 2170 639 2252 loco,
665 2190 767 2255 quern
782 2167 938 2252 indicavi,
962 2190 1027 2259 pro
1049 2191 1100 2257 μη
1126 2189 1169 2235 ov
1190 2166 1259 2233 aiat

141 2271 353 2362 significante
372 2272 474 2338 etiam
487 2270 683 2363 simpliciter
696 2295 748 2364 μη
740 2262 840 2336 dici
852 2278 962 2358 putat.
1011 2265 1054 2335 ld
1069 2264 1165 2352 quod
1179 2267 1258 2333 nul-

140 2376 177 2441 lo
191 2381 296 2464 pacto
311 2372 384 2440 lieri
398 2379 523 2462 potest.
573 2368 645 2441 Sed
661 2379 700 2437 ιιι
714 2370 945 2458 ostendamus,
971 2366 1054 2462 qnid
1078 2366 1168 2437 haec
1187 2368 1258 2438 dif-

141 2479 268 2563 ferant,
293 2500 347 2546 res
360 2476 496 2567 longius
512 2472 698 2567 repetenda
712 2481 770 2541 est.

244 2646 442 2718 continetur
462 2656 574 2715 autem
596 2651 702 2719 omnis
721 2650 843 2717 barum
863 2647 1081 2738 negationum
1095 2668 1261 2717 ususunu

142 2751 282 2844 regula,
307 2753 368 2821 sed
383 2776 424 2820 ea
439 2752 515 2835 tali,
542 2775 629 2840 quae
648 2755 765 2846 plures
786 2751 1030 2841 complectatur
1051 2751 1133 2818 alias
1150 2744 1256 2843 regu-

142 2856 201 2923 las.
254 2857 307 2922 Ea
327 2856 449 2947 regula
470 2854 558 2923 baec
583 2866 641 2925 est.
696 2856 785 2926 Oum
806 2854 1020 2924 coniunctivo
1043 2858 1077 2922 et
1098 2856 1256 2945 optativo

144 2965 177 3026 et
200 2959 407 3044 indicativo,
453 2958 505 3025 ad
529 2980 607 3026 rem
637 2982 716 3028 cum
743 2957 960 3028 dubitatione
982 2954 1255 3050 affimandam,

140 3053 216 3155 μή,·
240 3060 513 3153 adnegandam
523 3083 605 3130 cum
617 3062 846 3146 dubitatione,
871 3054 924 3156 μή
940 3086 997 3131 ou
970 3057 1150 3128 dicitur:
1173 3083 1257 3128 ιιιιιι
1388 3084 1391 3088 ’

97 3236 115 3245 ,,
140 3162 309 3258 infinitivo
339 3171 457 3230 autem
486 3170 520 3230 et
542 3167 742 3286 participio
768 3172 807 3232 et
825 3162 1053 3253 imperativo,
1093 3162 1147 3228 ad
1176 3183 1258 3228 cern

106 3349 108 3352 Α
141 3273 237 3335 cetto
254 3265 482 3359 negandam,
517 3291 589 3354 μη
575 3319 587 3355 ,
622 3266 676 3332 ad
699 3273 795 3333 certo
817 3262 1096 3357 affirmandam,
1129 3255 1183 3356 μή
1208 3260 1254 3334 oti

139 3378 342 3461 usurpatur.
395 3367 465 3436 Cur
486 3364 607 3432 harum
628 3367 869 3457 particularum
890 3386 966 3430 usus
985 3363 1158 3452 proverbi
1178 3364 1254 3431 for-

137 3475 218 3557 mis,
243 3495 331 3560 quae
343 3470 382 3537 iis
395 3471 640 3560 adiunguntur,
667 3468 814 3536 diversus
829 3468 889 3552 sit,
913 3488 987 3533 rem
999 3475 1154 3536 accurate
1168 3488 1253 3535 con-

137 3575 296 3644 sideranti
309 3596 389 3641 non
399 3582 511 3663 potest
528 3575 706 3641 obscurum
726 3594 807 3640 esso
859 3570 948 3639 Nam
967 3592 1072 3657 quum
1087 3570 1257 3658 particula

135 3672 190 3775 μή
197 3732 210 3765 ,
243 3688 282 3745 ut
302 3676 383 3744 alibi
403 3676 719 3761 demonstravimus,
744 3673 916 3764 negationi
941 3670 1207 3762 exprimendae
1197 3693 1256 3738 ιιι-

134 3780 274 3865 serviat,
318 3803 420 3869 qnam
456 3778 656 3871 philosophi
689 3777 905 3846 subiectivam
944 3783 1081 3858 vocant,
1114 3773 1152 3840 id
1186 3782 1318 3859 est,214

135 3906 243 3972 quum
257 3882 398 3966 indicet,
423 3904 484 3949 nos
498 3882 626 3969 aliquid
641 3903 718 3948 cum
736 3880 916 3971 negatione
935 3878 1106 3969 cogitare,
1129 3876 1207 3943 siae
1203 3877 1254 3944 id

134 4010 173 4054 re
199 3987 274 4076 ipsa
290 3985 505 4077 negationem
525 3985 710 4069 contineat,
742 3983 810 4050 sive
830 4004 899 4049 non
919 3982 1100 4049 contineat.
1131 3978 1252 4068 dupli-

127 4113 212 4162 cem
232 4112 368 4159 necesse
390 4095 440 4154 est
462 4086 561 4154 huius
587 4087 772 4178 particulae
798 4108 895 4152 usum
923 4107 995 4152 esse
1021 4103 1086 4172 pro
1118 4081 1249 4172 duplici
1299 4166 1300 4170 Ἰ

134 4193 328 4262 conditione
348 4189 529 4258 modorum
548 4184 652 4258 verbi.
703 4188 835 4256 Eorum
855 4196 922 4255 tres
940 4187 975 4254 in
988 4207 1089 4253 una-in
1107 4185 1248 4253 classem
1378 4246 1381 4251 .

133 4296 340 4382 coniicimus,
363 4292 571 4380 infinitivam,
589 4292 815 4384 participium,
839 4300 873 4360 et
883 4289 1134 4382 imperativum:
1159 4310 1249 4380 quo-
