2826 4904
143 1161 225 1247 DE
268 1159 652 1248 DIFFERENTIA
712 1155 945 1248 PROSAE
997 1157 1076 1245 ET
1118 1154 1259 1246 POE-

231 1309 409 1402 TIGAE
440 1306 759 1399 ORATIONIS
785 1305 1163 1400 DlsPVTATiO.

499 1535 900 1608 Panslr

405 1986 486 2051 De
548 1987 985 2052 elocutione.

139 2141 314 2263 Denique
329 2175 374 2272 ad
389 2175 615 2247 elocutionem
627 2177 856 2268 adgredimur.
905 2177 995 2244 Nam
1008 2196 1112 2265 quum
1128 2177 1284 2246 oratio-8

137 2278 192 2345 nis
211 2276 300 2345 haec
317 2276 359 2343 sit
376 2287 511 2363 natura,
536 2288 574 2346 ut
597 2279 747 2370 cogitata
763 2278 855 2349 vocis
878 2278 1001 2346 auxilio
1016 2277 1255 2368 significentur,

137 2402 209 2449 nou
232 2378 342 2448 solum
366 2403 407 2447 ea
431 2381 560 2448 suntin
588 2381 727 2451 vocibus
748 2379 1006 2467 consideranda,
1031 2402 1119 2471 quac
1140 2378 1255 2450 homi-

140 2505 221 2551 num
241 2481 377 2550 arbitrio
400 2505 530 2572 usuque
550 2483 596 2552 ad
619 2483 845 2575 cogitatorum
860 2483 1024 2550 rationem
1041 2481 1255 2554 indicandam

142 2585 319 2656 constituta
343 2594 433 2671 sunt,
460 2586 554 2676 (nam
575 2586 664 2656 haec
678 2586 778 2654 etiam
797 2585 832 2652 in
852 2585 920 2653 alio
940 2585 1113 2678 signorum
1129 2607 1255 2677 genere
1335 2666 1341 2678 ³

140 2688 256 2757 locum
279 2686 435 2756 habitura
461 2693 584 2780 essent)
610 2689 672 2757 sed
692 2688 752 2756 illa
771 2688 871 2757 etiam
901 2689 1067 2780 respicere
1088 2692 1252 2777 convenit,

141 2814 228 2881 quae
255 2791 396 2882 propria
418 2801 493 2861 sunt
515 2784 625 2878 vocis,
654 2814 765 2880 neque
783 2791 828 2858 ad
848 2801 1082 2884 argumentum
1094 2800 1129 2860 ct
1144 2800 1251 2864 mate·

140 2894 225 2962 riam
244 2894 502 2984 cogitationum,
527 2895 588 2964 scd
608 2893 654 2962 ad
674 2895 744 2963 vim
758 2903 910 2986 spectant
928 2895 1155 2985 modumque,
1182 2916 1253 2983 quo

140 2997 186 3064 ad
205 2997 306 3065 animi
325 3020 455 3067 sensum
469 2998 682 3091 accipiantm.
734 2997 846 3066 Tanta
865 2998 954 3066 enim
972 2998 1059 3067 inter
1071 2997 1251 3090 cogitatio-

139 3122 199 3168 nes
226 3108 276 3168 est
299 3121 485 3189 vocemque
504 3100 732 3184 necessitudo,
757 3108 885 3170 utnon
908 3099 1014 3169 modo
1033 3101 1069 3167 in
1087 3102 1250 3171 sermoni-

138 3203 221 3287 bus,
257 3224 341 3293 quos
370 3203 540 3287 audimus,
585 3202 848 3273 convenientiam
877 3201 1060 3291 quamdam
1090 3201 1183 3271 vocis
1216 3212 1251 3273 et

138 3307 373 3374 sententiarum
386 3304 608 3394 requiramus,
633 3303 694 3372 sed
716 3303 817 3370 etiam
837 3304 872 3370 in
888 3304 943 3388 iis,
969 3325 1056 3392 quae
1074 3302 1174 3372 tacite
1195 3305 1248 3376 le-

138 3407 255 3501 gendo
272 3409 525 3499 cognoscimus,
550 3405 681 3496 siquid
704 3414 876 3492 occurrat,
897 3406 993 3496 quod
1014 3404 1060 3474 ad
1078 3407 1171 3475 vocis
1190 3434 1247 3479 so-

137 3534 220 3579 num
242 3512 278 3579 in
305 3509 561 3603 pronunciando
593 3519 654 3578 aut
675 3509 845 3600 ingratum
877 3518 965 3579 esset
990 3519 1048 3578 aut
1074 3510 1247 3602 insigniter

137 3637 240 3685 suave
260 3615 427 3700 futurum,
460 3614 569 3682 statim
590 3623 647 3682 aut
676 3610 906 3698 offendamur,
938 3623 997 3682 aut
1020 3614 1184 3681 maiorem
1212 3613 1246 3681 in

136 3717 280 3788 modum
295 3719 530 3788 delectemur.-
560 3716 647 3785 Sunt
664 3725 776 3785 autem
798 3714 865 3784 hac
889 3716 982 3786 vocis
1006 3714 1245 3785 conformatio-

135 3844 215 3907 nes,
249 3844 331 3911 quas
352 3820 547 3890 elocutionis
565 3819 698 3888 nomine
715 3818 1051 3908 comprehendimus,
1089 3827 1246 3904 quattuor

122 3933 310 4016 'generum
360 3925 509 4015 Primum
525 3945 632 4014 genus
646 3942 713 4013 pro
726 3921 799 4012 ipsa
814 3944 971 3990 sonorum
985 3928 1103 3988 natura
1121 3921 1244 3989 consti-

134 4027 256 4096 tuitur:
291 4026 475 4096 secundnm
491 4025 527 4092 in
544 4023 773 4092 modulatione
796 4026 888 4094 vocis
906 4022 1051 4114 positum
1077 4031 1144 4090 est:
1174 4033 1244 4093 ter-

134 4130 220 4199 tium
241 4151 399 4199 numeros
429 4127 683 4217 complectitur:
715 4135 870 4215 quartum
899 4125 1043 4213 denque
1075 4125 1122 4194 ad
1152 4136 1244 4198 assae

135 4236 228 4305 vocis
240 4244 275 4305 et
290 4240 468 4302 concentus
483 4229 659 4300 discrimen
676 4239 813 4320 spectat.
