2826 4904
127 359 130 364 .
203 310 248 373 'ld
490 302 1011 401 'cennensium

206 481 333 550 docere
354 479 438 546 velit
458 475 673 568 Xenophon,
690 476 880 565 ‚quomodo
908 500 1012 566 equus
1042 477 1169 546 sinistra
1188 479 1326 549 tolutim

207 580 384 676 agitandus
401 582 459 666 sit,
484 580 651 670 quidhoc
664 589 734 666 est,
759 579 854 668 quod
870 581 1003 648 tolutim
1018 581 1248 673 incipiendum
1269 584 1327 651 di.-

207 688 271 773 cit,
296 686 380 753 dum
394 707 500 774 equus
515 683 633 751 dextra
652 682 851 753 decussatim
863 683 1022 753 incedat?
1048 684 1119 754 Cur
1133 686 1222 754 enim
1239 687 1327 755 dex-

206 800 277 875 tra,
296 788 398 878 quod
418 797 452 857 et
466 797 604 856 naturae
615 796 802 879 repugnat,
827 793 861 853 et
879 787 982 907 ipsius
996 788 1232 880 Xenophontis
1245 813 1327 859 ver-

206 892 284 963 bis?
310 890 420 960 Addit
443 892 553 975 euim,
579 884 626 963 τό
646 884 716 986 χᾶρ
741 883 949 1018 ἄριοτιρον
958 893 1097 983 μέλλων
1118 894 1259 988 αἴρειν,
1286 898 1325 967 εἰν

207 988 346 1070 τούτου
369 993 416 1066 ἄν
411 992 609 1116 ἄρχοιτοι
644 1002 678 1060 et
693 1014 793 1077 mox,
819 992 880 1064 ιιαὶ
901 985 970 1087 χᾶρ
992 995 1148 1089 πέφυκεν
1173 993 1195 1068 ό
1217 1003 1327 1076 ἵππος

208 1100 260 1178 sic
279 1097 348 1220 pin
371 1124 419 1171 τοι
411 1089 544 1179 διξιᾶ
567 1091 845 1218 στροιρᾶμινοτ,
851 1101 927 1176 τοῖς
945 1101 1070 1178 δεξιοῖς
1086 1093 1327 1192 ἀφηγεῖσθαι

210 1203 263 1287 εἰς
279 1192 447 1288 odolinae
468 1201 530 1288 dl,
555 1203 632 1280 τοῖς
654 1195 877 1293 ἀριστεροῖς..
919 1200 1040 1288 Neque
1066 1201 1161 1289 quod
1182 1201 1326 1269 Heube·

207 1304 258 1372 lio
273 1302 393 1371 dixisse
409 1303 543 1370 videtur
563 1301 778 1392 Xenophon,
810 1301 991 1390 probabile
1009 1312 1072 1387 est,
1099 1327 1224 1392 equum
1255 1327 1330 1372 esse

208 1407 365 1499 paullum
384 1406 431 1473 ad
452 1405 604 1473 dextram
622 1403 846 1488 flectendum,
881 1427 950 1494 quo
970 1404 1101 1492 facilins
1123 1417 1157 1474 et
1171 1429 1330 1476 commo-

208 1510 284 1578 dius
303 1509 532 1578 sinistrorsum
543 1508 603 1599 agi
620 1508 736 1599 possit.
788 1507 886 1591 Quae
903 1511 1063 1576 sententia
1078 1511 1238 1599 usquein
1250 1533 1331 1578 ver·

208 1608 261 1682 bis
282 1612 519 1704 Xenophontis
542 1612 646 1697 inest,
680 1632 791 1699 neque
816 1620 866 1678 est
887 1612 988 1700 periti
1005 1613 1123 1701 equitis
1148 1613 1196 1704 1).
1248 1615 1331 1682 Non

208 1725 260 1785 est
275 1717 312 1784 in
331 1717 460 1801 uerbis,
485 1715 582 1805 quia,
615 1714 709 1803 quod
731 1713 791 1782 hic
812 1712 952 1799 dicitur,
972 1739 1075 1804 equo
1096 1715 1215 1784 dextra
1234 1717 1332 1785 ince-

210 1819 305 1889 denti
325 1819 582 1910 significandum
604 1841 676 1887 esse
694 1817 841 1910 gradum
862 1818 1030 1888 tolutilem
1051 1820 1235 1906 sinistmm,
1260 1842 1331 1890 nou

209 1923 316 1991 modo
338 1921 395 1990 his
415 1923 528 1990 uerbis
553 1923 755 1990 contrarium
776 1929 843 2007 est,
868 1945 957 2010 quae
976 1922 1082 1991 modo
1099 1923 1331 2014 apposuimus,

209 2024 404 2110 sedetiam,
430 2033 466 2093 et
488 2025 594 2092 multo
617 2026 746 2115 magis,
775 2023 831 2110 iis,
857 2048 945 2114 quae
966 2026 1090 2095 eodem
1111 2029 1148 2096 in
1172 2027 1252 2096 loco
1277 2028 1332 2096 le-

209 2138 351 2221 guntur,
376 2126 436 2200 νοιὶ
456 2120 569 2201 ὁπότε
582 2127 639 2201 ἐπὶ
652 2119 703 2202 τᾶ
717 2119 885 2219 εὐώνυμα
899 2122 1138 2225 ἄναοτρέφοι,
1165 2123 1255 2204 τᾶτο
1269 2129 1330 2204 ταὶ
1402 2222 1405 2230 ⁹

208 2233 274 2329 τῆς
296 2229 498 2313 ι’πιιιλίσεοις
520 2228 566 2304 ἄν
587 2227 755 2326 ἄρχοιτο.
805 2230 936 2320 Equitis
959 2233 1241 2324 autemimperiti
1261 2234 1332 2302 tale

209 2343 433 2428 praeceptum
454 2356 525 2402 esse
544 2334 795 2420 contendimus,
821 2335 901 2424 quia
921 2335 1039 2405 dextra
1058 2337 1124 2421 ire,
1150 2346 1189 2405 ut
1204 2337 1331 2406 deiude

209 2439 430 2508 sinistrorsum
443 2446 520 2507 acto
535 2459 625 2527 equo
647 2438 783 2507 tolutim
793 2438 954 2528 incipias,
977 2439 1093 2507 inutile
1108 2448 1176 2526 est,
1202 2442 1331 2508 multo-

209 2565 278 2632 que
300 2543 475 2633 operosius
497 2563 599 2630 quam
624 2563 711 2631 opus
733 2541 879 2624 habeas,
910 2542 992 2630 quia
1023 2543 1117 2610 nulla
1141 2553 1256 2611 tamen
1281 2565 1332 2628 re,

210 2646 272 2712 uisi
292 2646 385 2713 flexu
406 2643 450 2711 ad
471 2642 622 2728 laevam,
647 2653 686 2710 nt
702 2665 783 2712 vere
805 2638 934 2710 monuit
960 2645 1174 2736 Xenophon,
1197 2647 1333 2715 tolutim

210 2748 262 2816 ire
281 2747 469 2838 impellitur
491 2767 606 2834 equus.
665 2744 745 2829 Quo
769 2747 878 2814 minus
898 2746 1043 2816 dubitari
1058 2772 1160 2840 posse
1177 2753 1333 2836 arbitror,

211 2852 295 2941 quin
318 2850 379 2919 hic
399 2848 636 2939 Xenophontis
659 2849 756 2918 locus
782 2850 879 2941 gravi
904 2852 985 2920 vitio
1007 2853 1153 2926 laboret.
1212 2854 1334 2945 Ipsum

211 2955 303 3023 euim
320 2950 586 3042 Xenophontem
614 2961 729 3020 tantae
750 2952 940 3045 imperitiae
965 2979 1141 3043 accusare,
1172 2967 1334 3045 quantam

212 3058 267 3126 vix
291 3059 328 3125 in
339 3054 479 3124 homine
493 3057 551 3125 vel
566 3057 678 3144 aliqua
691 3056 863 3146 equitandi
880 3060 1117 3128 exercitatione
1128 3060 1222 3129 culto
1238 3062 1336 3130 inve-
1353 3060 1359 3069 ’

210 3160 300 3249 ιιίοι,
326 3152 395 3249 hoii
408 3159 514 3249 modo
526 3159 696 3249 iniquum,
722 3159 784 3228 sed
797 3161 935 3229 stultum
948 3164 1089 3233 videtur.
1143 3164 1260 3248 Quare
1286 3167 1336 3234 ita

210 3267 381 3357 scripsisse
395 3242 662 3356 Xenophontem
680 3264 848 3333 existimo.
874 3266 1020 3361 ἐπείπερ
1039 3262 1244 3341 dissoluisse
1258 3269 1334 3342 τᾶν

211 3364 415 3489 ἄριρτιρᾶν
440 3366 621 3465 ἄρχεσθαι
649 3361 959 3464 ιᾶδοιιμᾶτερον,
999 3367 1066 3443 oid'
1092 3369 1139 3441 ἄν
1169 3364 1335 3463 μᾶλιοτα

179 3527 181 3531 «
210 3462 289 3544 ἄπο
309 3463 451 3543 τούτων
483 3470 658 3591 ἄρχοιτο,
702 3499 736 3544 ιι
768 3466 1070 3587 διατροχᾶζοντος
1088 3472 1178 3565 μὲν,
1219 3468 1337 3548 οπότο

211 3569 431 3666 ἀναβαίνοι,
465 3600 515 3666 τῳ
538 3570 743 3694 ἄριστορρ,
775 3564 864 3646 τότε
894 3577 1066 3695 σρμαίνοι
1089 3575 1143 3670 τᾶ
1163 3582 1260 3671 ἵππῳ
1284 3605 1330 3650 το

150 3703 157 3713 ·
211 3678 540 3801 ἄπιραβδοφοροῐν·
576 3669 640 3760 (τό
658 3669 728 3804 χᾶρ
754 3671 949 3797 ἄριστερον
967 3681 1106 3772 μέλλων
1127 3680 1266 3798 aipein,
1293 3685 1332 3754 ἐν

210 3772 349 3854 τοᾶτον
364 3776 410 3851 ἄν
421 3776 591 3874 ἄρχοιτο)
615 3805 676 3850 ναι
693 3771 818 3852 οπότι
815 3779 880 3852 ἐπὶ
897 3773 946 3852 τᾶ
960 3775 1131 3874 ου’ἄνομα
1147 3778 1333 3879 ἄναοτρέ-

211 3909 279 3979 φοι
286 3936 301 3973 ,
328 3874 417 3956 τότε
433 3880 494 3954 καὶ
508 3881 573 3980 τῆς
587 3879 868 3962 ἑπισιιελίοοοις
842 3909 1010 3979 αρχοιτο
1048 3885 1089 3954 lu
1104 3884 1157 3953 his
1172 3886 1334 3975 primum,

256 4218 291 4296 l)
317 4220 382 4283 Nisi
395 4243 489 4301 quum
510 4221 573 4284 eine
589 4221 673 4283 flexu
694 4230 778 4283 reeta
795 4222 863 4303 quis
877 4223 955 4285 linea
972 4224 1118 4287 incedens
1141 4225 1268 4307 madum
1284 4239 1338 4288 to-

211 4305 359 4367 lutilem'
350 4307 469 4388 incipit.
