2826 4904
124 276 222 358 ro.
428 289 500 352 ou
563 288 1013 355 rvnoanunro

161 461 393 558 eligendarum
405 462 599 533 facultatem
613 463 684 532 aliis
696 463 903 551 concedere,
918 486 986 554 qua
1004 465 1131 535 euobis
1143 466 1274 537 sublata

160 566 322 636 libertatis
340 566 452 635 nullus
471 583 548 635 usus
572 567 713 658 cogitari
736 574 846 657 queat.
897 567 1016 658 ltaque
1036 570 1122 638 alter
1143 580 1273 640 tanturn

160 672 233 738 linis
247 670 380 737 relictus
400 677 470 759 est,
491 669 550 758 qui
572 670 644 738 inre
663 669 790 738 tuendo
812 669 1008 740 continetur.
1059 673 1114 740 Ex
1140 696 1182 743 eo
1205 674 1274 743 fine

80 840 81 844 ,
161 775 219 862 qui
239 773 407 842 civitatem
425 770 587 863 puniendi
607 772 658 839 ius
676 773 822 841 nancisci
842 773 973 859 dicunt,
999 774 1079 844 iisic
1092 775 1273 868 disputant

162 877 232 961 Qui
250 898 286 942 se
304 874 377 940 linis
393 874 577 965 cuiuspiam
598 874 771 944 obtinendi
792 897 906 944 caussa
924 875 1146 967 coniungunt,
1168 879 1193 946 ii
1211 902 1275 947 ne·

162 1000 253 1050 cesso
268 985 317 1045 est
328 976 427 1044 simul
439 976 483 1044 ad
497 984 537 1045 ea
551 977 705 1046 facienda
720 978 933 1063 consentiant,
948 968 1108 1068 quae‘liui
1122 981 1174 1048 illi
1189 1002 1274 1049 con-

161 1079 332 1170 sequendo
345 1079 416 1146 sint.
451 1079 669 1170 Quapropter
684 1080 742 1169 qui
753 1080 899 1149 tuendae
910 1081 1070 1148 libertatis
1084 1104 1198 1151 caussa
1211 1084 1274 1150 ali-

162 1205 263 1274 quam
275 1181 467 1251 societatem
479 1182 609 1268 ineunt,
629 1192 771 1273 propter
783 1181 853 1250 hoc
866 1184 976 1274 ipsum
992 1206 1129 1274 poenas,
1151 1187 1273 1275 quibus

122 1332 127 1343 ·
163 1306 279 1357 carere
303 1284 535 1374 nonpossint,
565 1284 637 1352 iure
659 1293 693 1353 et
712 1286 881 1376 irrogant,
916 1295 949 1353 et
970 1286 1141 1354 sufferunt.
1192 1289 1273 1380 Ipso

161 1388 267 1480 igitur
282 1387 350 1454 fine
365 1387 503 1457 civitatis
515 1385 676 1477 puniendi
691 1387 740 1455 ius
762 1389 980 1457 coustitutum⁴
992 1398 1060 1474 est,
1085 1412 1148 1459 uec
1165 1413 1275 1481 pecu·

161 1492 235 1559 liari
245 1500 366 1580 pacto,
391 1498 562 1577 tamquam
577 1490 721 1560 accessio
736 1489 863 1579 aliqua,
879 1491 1081 1582 adiungitur.
1107 1493 1204 1578 Quae
1218 1517 1275 1561 ar-

2 1647 5 1654 .
98 1668 104 1679 ,
161 1593 367 1687 gumentatio
390 1614 593 1681 quamquam
616 1593 717 1661 valde
736 1594 922 1684 probabilis
945 1603 978 1661 et
997 1595 1275 1664 commendabilis

137 1743 139 1747 -
162 1707 229 1781 est,
257 1705 371 1764 tamen
387 1696 589 1764 obscuritate
604 1695 752 1785 quadam
767 1696 916 1783 laborat,
943 1719 1030 1786 quae
1049 1708 1126 1766 ante
1145 1698 1275 1788 dispel-

160 1799 263 1867 lenda
277 1807 342 1882 est,
363 1819 482 1889 qnam,
500 1798 583 1886 quid
596 1821 713 1866 verum
729 1798 785 1884 sit,
809 1809 980 1890 appareat.
1005 1801 1059 1870 Ac
1072 1800 1184 1891 primo
1198 1801 1275 1891 qui-

160 1901 243 1969 dem
256 1924 334 1968 sane
347 1899 386 1984 ii,
412 1901 470 1988 qni
490 1900 535 1968 ad
556 1900 659 1969 linem
674 1902 856 1990 quemdam
871 1902 1089 1970 obtinendum
1102 1927 1173 1971 sese
1191 1925 1275 1973 con-

160 2005 318 2096 iungunt,
332 2003 430 2070 simul
446 2025 487 2070 ea
501 2026 537 2070 se
551 2003 698 2072 facturos
711 2005 918 2094 promittunt,
933 2005 1052 2094 quibus
1064 2006 1167 2073 finem
1178 2007 1276 2075 illum

161 2115 417 2195 consequantur:
441 2104 502 2175 sed
518 2129 558 2174 ca
570 2128 639 2187 non
650 2115 789 2197 possunt
803 2107 870 2174 alia
883 2129 971 2191 esse,
996 2129 1099 2197 quam
1113 2109 1182 2176 sine
1197 2110 1275 2198 qui·

160 2211 224 2279 bus
237 2210 341 2300 plane
356 2229 424 2276 non
444 2218 551 2276 essem
570 2208 625 2295 id,
651 2209 745 2299 qnod
768 2209 904 2294 volunt,
930 2210 1144 2301 assequuturi.
1186 2214 1275 2280 Nam

161 2336 248 2404 quae
259 2321 398 2402 possunt
410 2309 584 2397 adhiberi,
598 2320 655 2379 ant
667 2333 755 2402 quae
766 2311 880 2382 facere
895 2311 977 2381 utile
993 2320 1059 2396 est,
1071 2311 1117 2380 ad
1129 2313 1187 2380 illa
1199 2316 1276 2403 qui-

160 2415 241 2484 dem
258 2413 431 2500 facienda,
458 2413 519 2480 uisi
538 2413 702 2502 disertim,
728 2436 796 2482 non
818 2423 892 2483 sunt
909 2414 1051 2505 putandi
1065 2417 1275 2502 consensisse,

159 2519 240 2608 quia
263 2517 352 2587 haec
370 2517 405 2584 iu
431 2539 492 2600 eo,
518 2515 654 2604 dequo
677 2518 771 2606 pacti
800 2527 890 2601 suut,
924 2539 993 2585 nou
1011 2518 1274 2588 continebantur.

159 2621 393 2704 Quamobrem
413 2620 441 2685 si
461 2638 648 2707 poenarum
669 2617 790 2684 iustitia
812 2619 917 2686 eiius
939 2619 1078 2687 civitatis
1092 2620 1275 2690 derivanda

161 2733 228 2807 est,
254 2719 469 2811 probandum
484 2718 564 2802 erit,
590 2719 799 2787 securitatem
822 2719 892 2787 sine
910 2721 1028 2810 poenis
1049 2723 1194 2791 obtineri
1207 2747 1275 2793 nou

43 2873 45 2877 .
159 2846 270 2917 posse.
306 2820 500 2890 Videndum
517 2828 565 2888 est
577 2820 680 2912 igitur
695 2821 779 2911 quid
792 2821 837 2892 ad
848 2823 1017 2910 libertatis,
1034 2847 1075 2894 ac
1094 2826 1172 2893 iuris
1185 2835 1275 2899 tute-
1295 2892 1298 2897 .

161 2929 230 2994 lam
250 2926 435 2994 necessario
451 2923 646 3012 requiratur.
696 2925 751 2993 Ac
769 2933 863 3014 patet
875 2925 1002 2994 nullam
1016 2927 1184 3014 iniuriam,
1209 2929 1231 3022 i,
1245 2954 1274 2998 e.

159 3032 229 3098 vim
245 3028 398 3095 iniustam
409 3027 523 3110 aliter,
549 3049 651 3116 quarn
662 3027 697 3095 vi
708 3027 900 3118 propulsari
909 3051 1018 3119 posse.
1067 3029 1147 3098 Vim
1162 3041 1276 3101 autem

160 3133 301 3201 dicimus
318 3153 452 3198 onmem
476 3152 551 3197 eam
570 3129 747 3200 faciendae
768 3130 905 3200 alicuius
928 3132 977 3200 rei
1000 3140 1057 3198 aut
1071 3133 1276 3203 omittendae

159 3234 404 3318 necessitatem,
429 3255 517 3321 qnae
529 3232 610 3324 lege
623 3233 751 3300 virtutis
769 3255 838 3300 non
857 3242 906 3301 est
922 3234 1181 3324 comprehensa
1216 3237 1276 3304 Vis

159 3339 279 3431 igitur,
306 3360 346 3404 ea
359 3357 446 3425 qnae
459 3328 575 3403 iniusta
588 3344 655 3420 est,
680 3358 748 3403 uon
760 3336 838 3403 iuris
854 3336 1070 3423 auctoritate,
1085 3362 1195 3428 quam
1207 3356 1276 3408 uon
1295 3406 1297 3411 .

159 3442 272 3524 timet,
298 3439 358 3506 sed
370 3441 498 3506 maiore
514 3436 661 3527 quadam
682 3439 717 3506 vi
736 3439 925 3509 coercenda
943 3448 1013 3514 est·
1037 3440 1156 3530 ltaque
1174 3442 1276 3531 siqui

160 3543 321 3611 libertatis
333 3541 479 3609 tuendae
491 3561 606 3608 caussa
618 3564 689 3609 sese
704 3543 912 3627 consociant,
922 3542 949 3608 ii
962 3541 1033 3613 hoc
1047 3543 1122 3634 ipso
1137 3566 1172 3611 se
1184 3546 1274 3613 obli-¹

160 3656 244 3739 gant
258 3645 304 3739 ad
316 3644 385 3711 vim
395 3643 460 3710 illis
472 3643 697 3729 inferendam,
723 3666 743 3710 a
762 3644 882 3733 quibus
908 3644 1093 3714 laedantur.
1130 3645 1191 3714 Vis
1213 3670 1275 3715 an-

159 3760 230 3819 tem
244 3746 373 3838 duplex
387 3755 451 3829 ast,
473 3746 594 3831 altera,
619 3769 707 3834 quae
718 3747 924 3814 illatamvim
936 3748 1104 3837 reprimit,
1119 3751 1178 3836 qui
1189 3771 1274 3840 pro-
1297 3815 1300 3819 ,

160 3853 235 3942 prie
248 3857 383 3921 coactns
404 3847 542 3928 dicitur3
567 3847 689 3933 altera,
715 3872 803 3936 qnae
820 3849 910 3916 ultro
929 3849 1145 3936 admovetur,
1171 3852 1273 3921 adhi-

159 3954 229 4022 bita
241 3952 436 4024 necessitate
447 3949 579 4018 duobus
594 3951 689 4018 malis
705 3951 884 4041 propositis
896 3950 1000 4020 levius
1017 3952 1175 4045 eligendi
1209 3956 1275 4023 Illa

132 4139 135 4146 Ι
160 4057 332 4146 superiore
342 4054 376 4122 vi
389 4075 504 4122 carere
519 4052 596 4120 iuris
609 4053 760 4122 defensio
774 4054 876 4144 plane
889 4076 957 4122 nou
969 4065 1099 4146 potest,
1123 4057 1193 4125 sine
1207 4073 1274 4146 qua

159 4180 204 4226 ue
217 4159 360 4226 alterum
374 4155 511 4247 quidem
525 4177 632 4246 genus
650 4155 835 4246 quidquam
851 4157 1035 4247 prodesset
1086 4158 1151 4227 Illa
1171 4160 1274 4251 igitur

160 4261 242 4353 quin
255 4260 440 4331 necessario
456 4259 624 4330 acivitate
638 4259 825 4330 exercenda
840 4262 890 4348 sit,
909 4283 977 4347 non
993 4255 1104 4355 potest
1118 4263 1273 4348 dubitari.
