2826 4904
471 305 518 367 lii
539 303 733 370 GRAECA
760 303 947 372 LINGVA.
984 312 988 320 '
1203 313 1267 376 lul

103 514 106 518 ·
139 486 248 546 retur.
303 478 430 563 Quidni
454 502 535 548 vero
558 479 630 549 hoo
654 480 768 550 dicere
791 490 931 573 poetam
953 489 1127 574 putemur,
1168 482 1268 582 Τυδῆ

142 579 314 679 ἀγγελίην
336 583 571 657 ε’πέστειλανὲ
596 584 729 653 Deinde
747 586 844 654 lliad
864 587 925 654 Ill.
952 583 1039 654 205.

251 718 320 842 ἤδη
338 713 409 817 γάρ
433 719 493 792 ιιαί
519 715 653 816 δεῦρο’
647 748 718 841 πρτ
726 717 875 818 ἤλυθε
899 725 974 803 δῖος
996 717 1191 804 Ὀδυσσειίς

252 823 317 895 σεῦ
332 827 409 895 ἕνον
415 818 623 921 α’γγελιᾋης
651 817 715 896 σάν
731 820 905 921 ἀρηϊφίλῳ
920 821 1110 922 Μενελάῳ.

143 959 217 1027 Hic
232 982 314 1027 vero
332 958 453 1026 iterum
475 982 553 1028 cum
572 960 800 1029 Eustathio
775 984 824 1031 sle
846 952 952 1030 verba
968 964 1265 1050 commitivam

145 1059 308 1160 ἀγγελίης
321 1061 393 1135 σεῦ.
419 1063 516 1131 Iliad.
542 1064 635 1131 Xlll.
651 1061 740 1135 252..

247 1196 293 1297 ἠέ
304 1227 367 1272 τεο
385 1195 544 1298 ἀγγελίης
558 1197 645 1297 μετ’
659 1196 722 1293 ἔμ’
739 1199 891 1298 ἤλοθες;

144 1359 224 1404 cum
248 1335 428 1404 scholiasta
451 1338 601 1425 quodam
624 1335 706 1436 περί
727 1337 883 1405 omissum
904 1345 1019 1430 putat;
1060 1346 1095 1406 et
1115 1342 1164 1422 εἰς
1184 1362 1262 1410 cum

141 1438 319 1506 Eustathio
345 1440 433 1507 lliad
464 1442 523 1509 Xl.
559 1438 645 1508 139.

246 1573 286 1656 ὅς
307 1572 396 1648 ποτ’
416 1576 467 1649 ε’νί
487 1570 619 1674 Τροίαν
635 1574 751 1674 ἀγορῇ
763 1576 954 1649 Μενέλαον
971 1574 1106 1671 ἄνωγεν

246 1675 410 1775 ἀγγελίην
429 1675 588 1752 ἐλθόντα
605 1675 670 1754 σάν
687 1678 847 1774 ἀντιθέῳ
862 1675 1018 1772 Ὀδυσῆϊ

245 1777 602 1866 αὕθιααταιιτεῖναι.

139 1916 256 1986 lilium
269 1918 414 1988 Homeri
427 1919 561 2006 locum,
588 1916 685 1987 Iliad.
716 1917 792 1987 XV.
813 1915 900 1991 639

578 2057 616 2138 ὃς
635 2052 900 2153 Εὐροσθηος
874 2079 1029 2136 αναιιτος

243 2112 462 2254 ἀγγελίης”
421 2185 580 2248 οιχνεσιιε
601 2161 663 2255 βίη
685 2156 927 2254 Ἡρακληείῃ,

121 2313 276 2386 <prorsus
299 2295 480 2384 praeteriit.
538 2295 593 2361 Eu
614 2293 757 2360 Hesiodi
778 2291 918 2383 Theog.
937 2289 1025 2359 780.
1053 2297 1166 2422 autem
1185 2292 1328 2366 hocltio

136 2395 283 2488 protulit
304 2396 515 2487 exemplum:

243 2533 369 2628 παῦρα
383 2532 421 2604 δε
442 2524 661 2625 Θαύμαντος
663 2525 870 2662 θυγάτηρζ
891 2524 1054 2611 πάθας
1025 2530 1118 2604 σκεά
1131 2526 1233 2632 Ιρις,
1283 2632 1285 2637 ⁴

244 2631 418 2758 ἀγγελίης
420 2638 629 2709 πωλεῖται’
612 2662 656 2708 επ
692 2632 800 2762 εὐρέα
819 2662 917 2708 νωτα
933 2627 1130 2731 θαλάσσης,

245 2732 382 2811 ὁππότ’
403 2739 476 2835 ε”ρις
492 2736 552 2809 ιιαί
574 2743 695 2819 νεῖκος
704 2743 742 2811 ἐν
766 2731 1056 2811 ἀθανάτοισιν
1034 2759 1231 2834 ορηταιΜ

140 2873 237 2967 quod
257 2882 314 2942 aut
336 2874 588 2963 emendatione,
615 2886 672 2945 aut
695 2875 805 2967 ellipsi
824 2874 1082 2967 praepositionis
1101 2875 1257 2969 indigere

141 2980 234 3048 dicit.
286 2979 334 3046 At
353 3001 463 3067 neque
485 2978 556 3050 hoc
577 2982 612 3048 in
633 2981 731 3065 loco,
764 3002 876 3069 neque
897 2979 932 3045 in
959 2978 1098 3046 caeteris
1128 2991 1186 3047 aut
1210 2982 1256 3050 de

140 3081 270 3173 ellipsi‚
305 3090 363 3149 aut
384 3081 686 3152 doemendatione
709 3083 938 3174 cogitandum.
994 3083 1083 3150 Nam
1113 3093 1152 3150 ut
1175 3085 1257 3152 alibi

140 3184 237 3275 apud
250 3194 389 3276 poetam
405 3186 521 3270 est,
496 3213 519 3283 η
542 3180 629 3259 ὁδον
651 3188 865 3277 ἐλθέμεναι,
891 3185 937 3250 ita
963 3207 1042 3253 cum
1064 3189 1256 3254 accusativo

140 3285 437 3385 ᾱίοἰῑιιιάγγελίην
453 3289 647 3383 ερχεσθαι,
675 3287 870 3356 confusione
886 3285 1034 3374 quadam
1050 3285 1256 3357 diversarum

137 3391 367 3474 locutionum,
400 3413 543 3479 quarum
565 3413 631 3457 una
655 3397 705 3456 est
728 3391 923 3484 ἔρχεσθαι,
965 3387 1070 3473 altera
1092 3383 1255 3489 ἀγγελίην

139 3496 286 3588 φέρειν,
322 3492 417 3582 quod
438 3493 476 3562 iit
493 3491 754 3584 proficiscendo.
809 3488 945 3558 Eodem
966 3492 1072 3559 modo
1094 3493 1256 3563 Germani

139 3597 259 3664 dicunt
278 3583 458 3688 botsohufl
476 3597 605 3688 gelren.
654 3597 728 3664 lam
750 3617 855 3685 quum
876 3604 968 3662 reete
990 3595 1166 3665 dicatur
1141 3623 1254 3690 αγγε-

138 3696 217 3794 λίης
241 3700 386 3796 φέρειν,
422 3699 624 3790 omissuri,
660 3699 699 3767 id
730 3709 797 3784 est,
841 3698 980 3790 aliquid
1000 3699 1117 3766 nuncii
1133 3698 1254 3790 serre,

138 3812 302 3893 coeptum
328 3811 378 3870 est
399 3804 499 3870 etiam
520 3798 679 3902 ἀγγελίης
702 3803 877 3902 ἔρχεσθαι
898 3802 984 3891 dici,
1017 3801 1164 3887 admixta
1187 3801 1254 3869 alia

133 3905 328 3990 locutione,
364 3905 548 4001 ἔρχεσθαι.

240 4076 396 4165 lienique
409 4075 526 4168 paucis
542 4077 755 4169 attingendus
771 4085 821 4146 est
839 4076 897 4144 ille
911 4076 1049 4167 genitivi
1063 4096 1157 4160 usus,
1180 4097 1251 4165 quo

136 4185 230 4248 meta
242 4180 425 4265 indicatur,
451 4202 553 4268 quam
568 4182 642 4271 quis
655 4181 814 4271 consequi
834 4179 975 4249 studeat.
1026 4180 1094 4247 Hic
1115 4201 1252 4268 quoque

134 4306 215 4355 usus
232 4283 411 4377 paullatim
433 4285 574 4371 exstitit,
598 4285 719 4356 leniter
737 4285 869 4354 deflexa
886 4283 948 4351 illa
967 4281 1105 4377 genitivi
1119 4283 1267 4378 signifi-¹
