2826 4904
461 280 853 399 eduuuluvs.
1169 338 1214 404 ω

99 506 186 572 mam
212 502 437 594 elus'partem
457 504 603 572 inveniri.
663 505 773 598 Igitur
797 512 856 572 aut
878 504 1042 592 qualitate
1063 507 1135 574 sola
1158 518 1216 578 aut

99 606 281 696 quantitate
298 606 493 696 pulcritudo
509 617 671 677 censetur.
722 608 777 677 Ac
796 608 938 697 qualitas
958 608 1097 696 quidem
1116 633 1159 678 eo
1170 611 1216 679 ad

99 711 249 799 aliquam
260 730 333 776 rem
344 710 508 796 reiemm,
532 732 621 800 quae
636 734 690 779 res
706 710 790 800 qnid
804 711 847 778 sit
857 711 1038 796 nesciatur,
1064 714 1158 802 quod
1170 715 1216 783 ita

99 813 215 902 eliqua
232 811 344 880 forma
365 813 450 904 (hac
464 815 552 882 enim
565 815 752 883 continetur
768 813 925 904 qualitas)
944 813 980 880 in
991 836 1096 883 unum
1115 817 1217 906 quid-

100 917 182 984 dam
196 915 382 1007 conspiret,
406 926 444 984 ut
460 916 588 1006 aliquid
608 917 700 985 effici
714 917 775 983 ista
795 917 1040 1005 conspiratione
1053 918 1216 1007 videatur,

100 1019 180 1104 etsi,
206 1019 289 1108 quid
301 1018 388 1087 illud
408 1019 466 1105 sit,
491 1023 656 1089 incertum
667 1028 808 1088 maneat
860 1018 958 1088 llaec
975 1022 1061 1089 ratio
1075 1023 1217 1110 formae,

100 1144 188 1212 quae
202 1122 342 1192 alicuius
354 1123 404 1191 rei
417 1122 528 1192 forma
544 1146 614 1191 esse
626 1123 776 1208 videtur,
801 1121 885 1190 lieet
903 1122 1025 1190 nuliius
1044 1125 1097 1210 sit,
1117 1127 1218 1194 iutel-

99 1226 206 1295 lectus
221 1226 290 1293 vim
302 1237 484 1316 provocat:
510 1248 618 1316 eaque
643 1226 761 1294 mentis
777 1224 898 1292 uirium
916 1227 1129 1296 excercitatio
1144 1228 1219 1296 ior'·

99 1329 259 1399 mositatis
271 1350 403 1397 sensum
416 1330 536 1421 gignit.
563 1329 764 1414 Quantitatis
780 1329 941 1418 parratio
955 1337 1013 1396 est
1038 1330 1078 1397 ln
1092 1352 1159 1420 qua
1173 1332 1219 1399 ita
1335 1349 1340 1357 '

101 1433 212 1498 solum
222 1433 342 1500 mentis
356 1431 493 1520 quidam
508 1434 599 1501 lusus
615 1433 757 1523 cogitari
770 1440 895 1523 potest,
911 1440 950 1499 ut
965 1431 1010 1499 ud
1026 1435 1220 1523 qualitatum

101 1535 259 1626 aliquam,
284 1557 353 1624 qua
369 1533 499 1602 deliniri
512 1537 635 1627 possit,
663 1536 743 1604 lieet
761 1556 802 1601 ea
815 1534 956 1622 qualitas
971 1556 1136 1624 nusquam
1149 1538 1221 1605 ulla

101 1638 159 1722 sit,
184 1638 359 1705 referatur.
410 1638 642 1723 Quamobrem
670 1636 833 1706 eiusmodi
853 1638 1017 1724 quantitas
1041 1661 1106 1707 neo
1129 1648 1222 1708 certa

102 1741 263 1829 finitaque
273 1764 342 1808 esse
354 1740 469 1827 debet,
479 1745 611 1833 quippe
626 1743 719 1811 cuius
733 1740 809 1807 linis
826 1739 940 1810 adhuc
954 1751 1223 1828 quaeratur,·nec

104 1844 249 1911 linienda
263 1854 442 1933 umquam,
455 1846 551 1935 quia,
565 1846 592 1913 si
607 1853 722 1937 posset
734 1843 841 1927 liniri,
859 1865 1032 1912 mensurae
1046 1854 1079 1912 et
1090 1847 1223 1913 numeri

102 1947 240 2014 notione
258 1948 596 2017 circumscriberetur.
646 1949 763 2037 ltaque
784 1964 917 2014 necess
943 1958 1012 2032 est,
1037 1946 1224 2016 istiusmodi

101 2050 268 2139 quantitas
287 2061 326 2119 ut
346 2053 420 2119 solo
443 2076 540 2121 sensu
563 2051 754 2120 aestimetur
770 2060 804 2116 et
821 2072 863 2117 ne
879 2050 1126 2140 comprehendi
1146 2051 1224 2140 quie

102 2153 184 2225 dem
194 2163 268 2221 tota
285 2176 381 2221 sensu
393 2157 513 2245 possit:
529 2178 598 2243 qno
614 2156 665 2238 lit,
677 2165 716 2220 ut
726 2152 818 2220 omni
831 2152 943 2218 forma
959 2163 1080 2220 careat
1108 2154 1224 2236 Quum

102 2256 207 2344 igitur
221 2255 342 2337 forma,
356 2280 444 2342 quae
455 2259 491 2321 ιιι
506 2255 688 2322 iudicanda
709 2253 890 2340 quantitate
905 2253 1087 2342 quaeritur,
1104 2255 1138 2322 in
1152 2256 1225 2324 sola

104 2354 356 2446 magnitudine,
381 2357 541 2445 quoniam
555 2380 578 2423 a
600 2354 697 2424 certis
712 2355 903 2421 notionibus
916 2356 1146 2425 abstinendum
1164 2365 1225 2443 est,

103 2478 268 2547 nusquam
280 2458 475 2544 inveniatur,
490 2458 626 2526 rationis
641 2457 809 2540 auxilium,
824 2457 923 2523 ιιίιιιιι
934 2458 1061 2526 infinita
1075 2461 1110 2526 in
1121 2483 1226 2529 unum

105 2561 290 2652 complecti
316 2563 472 2646 valentis,
503 2561 702 2644 adhibetur,
732 2561 790 2647 qui
811 2561 931 2626 mentis
959 2561 1052 2629 lusus
1074 2563 1226 2631 sublimi-
1341 2629 1348 2641 ,

104 2667 181 2732 tetis
205 2686 336 2731 sensum
356 2675 523 2755 procreat.
582 2664 679 2732 Haec
710 2663 823 2729 omnia
845 2684 887 2729 eo
910 2664 1050 2731 consilio
1075 2668 1226 2756 exposui,
1328 2654 1330 2660 ¹

105 2765 144 2836 ιιι
163 2768 402 2835 sublimitatem
425 2791 532 2858 aeque
555 2790 595 2834 ae
617 2768 860 2834 formositatem
878 2767 1046 2835 finalitatis
1066 2769 1226 2854 formalis,

105 2893 209 2978 quam
227 2870 492 2992 pulcritudinem
509 2870 697 2963 appellavi,
722 2870 858 2937 notione
884 2871 1047 2938 contineri
1068 2871 1227 2940 ostende-

105 2973 182 3041 rem
179 2997 290 3063 ,quae
308 2976 493 3042 eommunis
505 2977 675 3062 utriusque
688 2971 924 3063 pulcritudinis
936 2974 1030 3043 notio
1045 2966 1092 3041 ad
1106 2976 1228 3044 artium

108 3077 366 3171 explicationem
381 3078 484 3168 plane
499 3088 549 3146 est
560 3077 753 3146 necessaria.

166 3226 170 3233 -
204 3181 349 3263 -Tertia
338 3182 441 3272 igitur
455 3203 598 3271 poeseos
621 3180 740 3247 divisio
757 3179 907 3246 lonnosa
925 3178 1106 3246 carminea
1122 3178 1227 3245 subli-

108 3285 222 3351 mibus
232 3283 412 3375 distinguit
438 3284 536 3369 Quae
550 3283 667 3350 divisio
680 3304 784 3370 quum
797 3281 924 3372 pariter
931 3291 1032 3370 atque
1042 3280 1133 3365 iliae,
1145 3292 1228 3370 qu'as

110 3397 207 3454 antea
227 3388 579 3469 commemoravimus,
612 3407 671 3452 suo
696 3382 847 3471 quodam
875 3405 917 3450 ae
944 3384 1085 3473 proprio
1106 3386 1229 3453 nitatur

110 3489 345 3573 fundamento,
370 3512 439 3556 non
453 3490 498 3557 ad
512 3500 647 3580 partem
660 3487 807 3576 aliquam
822 3507 983 3576 poeseos,
1009 3488 1070 3555 sed
1092 3488 1141 3568 ad·
1152 3488 1229 3555 uni-

110 3613 240 3659 versam
261 3592 381 3682 poesin
402 3595 560 3684 pertinet,
580 3614 786 3681 quamquam
809 3614 850 3657 ea
872 3612 941 3658 uon
958 3589 1065 3658 habet
1082 3592 1229 3674 nomina,

111 3694 232 3781 quibus
247 3696 373 3785 ubique
387 3697 434 3763 ιιιι
445 3698 555 3764 liceat
580 3696 621 3763 ln
641 3696 746 3784 lyrica
759 3692 898 3783 quidem
918 3694 1016 3782 poesi
1031 3715 1107 3759 usus
1121 3693 1230 3760 ferme

110 3797 271 3884 obtinuit,
292 3809 346 3884 ut,
369 3800 511 3868 exclusis
524 3799 741 3887 cantionibus,
757 3791 1074 3864 sublimiacarmina
1086 3794 1231 3863 odarum

61 3920 66 3928 ·
109 3901 245 3969 nomine
253 3903 519 3992 appellarentur:
534 3901 805 3970 formosanescio
817 3907 964 3968 annecte
977 3896 1232 3990 elegiaexoeari

110 4006 256 4095 possint,
283 4006 374 4074 cuius
386 4006 544 4075 vocabuli
557 4029 637 4074 vera
659 4003 941 4095 significatiotm
956 4001 1000 4066 ab
1014 4001 1157 4092 antiquis
1168 4024 1233 4070 ne-

111 4108 226 4198 glecta
247 4119 307 4176 est.
358 4109 399 4176 ln
420 4109 627 4180 cantionibus
648 4106 738 4175 haee
769 4106 940 4173 diversitas
958 4124 1087 4172 nomen
1101 4106 1233 4197 nullum

108 4211 234 4296 habet,
260 4211 399 4300 quod
378 4234 416 4279 ns
440 4212 583 4280 mardme
605 4210 820 4280 tribuendum
842 4217 907 4291 est,
933 4206 1008 4294 qui,
1034 4205 1105 4279 hoc
1126 4230 1233 4302 genus

108 4323 221 4382 toturn
233 4314 279 4382 ud
291 4310 432 4417 lydcam
443 4314 768 4408 poesinreierentes,
781 4334 848 4379 una
865 4309 1026 4482 divisiconqe
1042 4312 1136 4397 odas,
1151 4332 1233 4381 can-
1322 4309 1327 4322 '
