2826 4904
491 266 880 368 esunnsuvs

658 476 717 546 lx

611 623 780 687 Conclueio.

234 782 298 850 His
324 780 481 849 omnibus
507 781 720 852 samnitarum
750 780 948 849 ditisiomm
978 781 1139 873 exemplis
1165 781 1251 850 nihil

131 885 226 954 alind
241 886 380 955 efficere
394 883 521 970 studui,
536 885 598 953 nisi
609 896 662 973 ut,
677 910 744 975 qua
761 885 890 953 ratione
913 884 1174 953 distinctionibus
1185 886 1253 953 istis

134 989 297 1057 utendum
311 988 370 1073 sit,
394 988 615 1056 ostenderem.
654 991 827 1079 Aequum
836 988 1008 1055 universae
1021 1009 1164 1079 poeseos
1178 1012 1252 1056 am-

134 1092 293 1160 bitusillis
305 1091 538 1179 divisionibus,
564 1116 647 1182 quas
662 1116 682 1162 e
697 1104 816 1160 natura
826 1112 969 1180 poeseos
985 1089 1165 1176 hausimus,
1189 1092 1253 1159 de-

135 1195 277 1285 scriptus
291 1196 348 1280 sit,
373 1216 509 1264 necesse
525 1206 594 1282 est,
619 1217 851 1287 quaecumque
871 1204 1047 1284 praeterea
1068 1195 1252 1263 carminum

136 1298 340 1365 &ersiutes
353 1298 579 1389 reperiantur,
605 1323 660 1370 eus
677 1320 792 1367 omnes
804 1297 850 1367 ad
868 1298 946 1382 illa,
972 1320 1059 1386 quoe
1083 1299 1194 1387 primo
1212 1320 1254 1367 ae

136 1400 322 1470 necessarie
344 1411 418 1468 sunt
435 1412 632 1492 poematum
652 1426 794 1495 genera,
824 1400 961 1485 reduci,
983 1422 1024 1468 ac
1042 1401 1111 1469 sine
1127 1402 1193 1469 illis
1210 1423 1254 1468 ne

137 1503 283 1595 cogitari
297 1504 436 1593 quidem
450 1526 560 1596 posse.
600 1507 686 1575 Sunt
699 1517 811 1575 autem
826 1504 886 1571 illa
900 1527 1027 1594 genera
1043 1527 1183 1572 numero
1200 1526 1255 1570 se-

139 1607 269 1692 decim,
294 1607 470 1696 quoniam,
496 1632 600 1697 quum
620 1611 655 1679 in
675 1611 793 1699 quovis
816 1607 962 1676 carmine
986 1606 1075 1675 haec
1099 1608 1163 1673 trin
1177 1629 1256 1696 spe·

139 1710 261 1779 etanda
273 1710 346 1795 sint,
369 1723 614 1803 argumentum,
628 1714 760 1783 formae
780 1711 964 1780 necessaria
977 1710 1034 1776 vel
1048 1709 1187 1776 fortuitu
1200 1732 1265 1793 ra-x

138 1813 206 1897 tio,
229 1813 375 1902 denique
402 1815 613 1904 pulcritudo,
639 1817 893 1904 uniuscuiusque
917 1813 1084 1880 divisionis
1105 1814 1258 1881 membru

139 1925 290 1985 meteres
313 1915 539 1986 distinctiones
559 1920 735 2010 recipiunt
771 1920 885 2008 Atque
898 1916 933 1984 in
949 1917 1152 2009 argumentis
1170 1939 1257 2006 qna-

139 2027 218 2087 tuor
231 2020 443 2110 reperiuntnr
451 2022 635 2091 carminum
652 2024 872 2107 differentiae,
881 2044 1023 2111 quarum
1031 2044 1136 2111 quum
1151 2042 1258 2109 quae·

139 2121 226 2191 libet
239 2133 298 2191 aut
309 2126 479 2214 aequabili
494 2134 552 2193 sut
566 2128 771 2216 inaequabili
786 2127 897 2193 forma
913 2125 974 2208 sit,
1000 2134 1079 2192 octo
1095 2123 1260 2191 habemus

140 2224 358 2293 diversitates.
397 2226 531 2295 Hamm
549 2252 632 2296 vero
654 2252 760 2316 quum
782 2249 1004 2314 unaquaeqne
1016 2225 1260 2292 formositatem

141 2346 255 2414 neque
262 2346 302 2393 ae
308 2326 545 2395 sublimitatem
557 2328 719 2413 admittat,
734 2329 883 2398 sedecim
897 2327 1032 2412 omnino
1047 2335 1121 2395 sunt
1134 2350 1262 2419 genera

141 2450 298 2522 poeseos.
350 2428 583 2514 Quamobrem
600 2431 635 2498 in
654 2432 809 2520 quolibet
821 2439 980 2523 poemate
995 2430 1177 2500 iudicando
1189 2430 1263 2521 pri-

142 2554 237 2601 mum
251 2533 420 2617 omnium,
446 2521 491 2602 ad
508 2534 602 2623 quod
616 2557 658 2603 ex
670 2535 724 2603 his
734 2535 884 2604 sedecim
896 2535 1075 2626 generibus
1085 2534 1172 2602 iilud
1181 2554 1264 2625 per-

144 2635 263 2721 tineat,
295 2635 565 2728 investigandum
588 2648 654 2706 est:
678 2648 752 2708 tum
781 2639 919 2707 demum
941 2637 1016 2704 illas
1038 2647 1149 2722 nous,
1175 2659 1264 2726 quae

144 2739 189 2807 ab
203 2740 411 2830 experientia
423 2750 601 2833 petuntur,
628 2741 758 2830 ordine,
783 2765 853 2832 quo
867 2763 1023 2833 quaeque
1037 2740 1191 2833 superior
1203 2750 1263 2825 est,

144 2843 291 2914 adiicere
304 2843 417 2917 decet.
630 2870 634 2877 ·
