2826 4904
367 296 552 356 rvnrs
607 277 946 395 rvnrunor.
1177 301 1220 364 ra

101 469 210 559 „quia
226 469 310 536 siem
328 469 386 558 qui
402 469 535 553 vendit,
553 469 678 536 etiamsi
690 469 774 540 nihil
787 469 1000 561 peculiariter
1014 469 1116 557 dicat,
1128 470 1217 539 obli-

101 621 124 658 „
133 594 229 663 gasse
243 594 279 638 se
292 582 445 640 censetur
457 572 502 640 ad
521 596 561 639 ea
575 573 704 658 omnia,
719 596 807 663 qnae
818 573 1016 642 venditionis
1030 582 1104 640 sunt
1119 583 1218 641 uatu-

102 723 124 761 „
131 675 223 759 ralia,
236 675 285 741 ita
299 676 358 763 qui
367 675 516 764 deliquit,
527 676 760 744 suavoluntate
775 699 810 743 se
816 676 948 745 videtur
956 676 1123 767 obligasse
1131 698 1219 766 poe-

102 801 207 864 „nae,
222 777 301 864 quia
312 777 438 846 crimen
452 801 556 870 grave
571 800 639 844 non
651 788 765 869 potest
776 801 845 846 uon
861 801 931 846 esse
944 777 1108 868 punibile,
1121 779 1168 846 ita
1181 787 1219 845 ut

101 929 123 966 „
133 881 191 968 qui
199 879 325 947 directe
336 881 408 948 vult
419 902 583 971 peccare,
596 902 660 971 per
670 881 937 971 consequentiam
951 890 984 948 et
991 902 1137 972 poenam
1143 904 1219 948 me-

101 984 197 1067 „reri
214 983 399 1064 voluerit‚“
448 983 489 1051 Iu
505 984 625 1073 quibus
640 1007 745 1073 quum
760 985 866 1052 multa
889 992 981 1069 sunt,
1007 1006 1094 1071 quae
1113 1004 1219 1073 quum

101 1086 147 1153 ad
160 1085 296 1151 illomm
308 1095 499 1177 tempomm
510 1087 674 1154 rationem
686 1087 802 1178 magni
814 1086 976 1156 momenti
992 1094 1110 1169 essent,
1130 1107 1219 1154 nuuc

100 1189 222 1256 merito
238 1188 327 1256 levia
339 1198 514 1278 putantur,
528 1199 599 1257 tum
612 1189 715 1273 illud,
731 1189 825 1279 quod
844 1190 888 1256 de
909 1190 1006 1279 gravi
1025 1189 1137 1276 aliquo
1152 1189 1220 1257 cri-

100 1291 191 1359 mine
214 1290 381 1379 loquitur,
407 1292 495 1358 inani
519 1292 568 1358 illi
592 1292 764 1381 aequitatis
788 1292 898 1359 studio
920 1291 1135 1361 tribuendum
1159 1299 1219 1375 est,

101 1393 197 1483 quod
210 1394 289 1460 inde
305 1417 326 1460 a
338 1395 448 1483 prima
463 1394 593 1485 origine
605 1394 650 1461 ad
665 1395 755 1473 hanc
770 1396 876 1483 usque
898 1403 1041 1460 aetatem
1056 1393 1220 1483 pernicies

101 1496 180 1564 iuris
200 1497 357 1563 naturalis
376 1498 447 1564 fuit.
487 1497 550 1564 His
570 1496 674 1588 igitur
696 1496 842 1587 demptis
863 1504 971 1564 totum
985 1505 1220 1587 argumentum

99 1599 172 1666 hoc
189 1608 247 1666 est.
298 1599 498 1689 Quicunque
519 1600 672 1668 iniuriam
697 1600 793 1667 alteri
806 1599 904 1684 facit,
931 1601 1022 1667 malo
1037 1599 1130 1667 affici
1145 1622 1219 1667 mo-

101 1712 201 1770 retur.
242 1702 461 1793 Quapropter
481 1703 622 1790 quilibet
637 1726 714 1771 eum
728 1702 848 1793 punire
868 1709 988 1792 potest
1007 1753 1011 1768 ,
1041 1701 1143 1770 Cuius
1163 1723 1221 1769 ar-

102 1806 253 1897 gumenti
268 1805 374 1872 omnis
390 1805 572 1872 difficultas
586 1806 620 1872 in
636 1828 678 1874 eo
693 1815 759 1891 est,
785 1804 879 1895 quod
893 1826 961 1871 nou
980 1811 1111 1894 pateat,
1137 1802 1220 1892 quid

99 1907 188 1974 illud
202 1909 259 1991 sit,
274 1908 466 1977 malefacto
484 1930 632 1999 poenam
646 1908 776 1976 mereri.
817 1906 897 1976 Hoc
914 1907 1043 1974 enimsi
1065 1916 1151 1974 esset
1165 1930 1220 1974 sa-

100 2011 143 2076 tis
157 2010 383 2106 intellectum,
407 2011 492 2079 illud
507 2020 626 2103 sponte
639 2021 829 2102 appareret,
852 2019 964 2078 utrum
978 2009 1085 2098 quivis
1099 2009 1220 2101 punire

101 2113 370 2181 malefacientem
388 2123 520 2204 posset,
546 2137 665 2183 annon.
708 2117 822 2204 Atque
836 2111 904 2182 hac
917 2111 1054 2202 quidem
1066 2122 1174 2180 aetate
1185 2113 1221 2180 in

101 2218 361 2284 commutatione
372 2219 472 2284 totius
485 2215 725 2308 philosophiae
736 2218 797 2284 ista
810 2217 911 2284 etiam
926 2215 1075 2304 quaestio
1090 2215 1124 2281 in
1137 2216 1220 2283 illu-

27 2363 30 2369 ·
99 2317 221 2400 striore
234 2317 321 2385 ,loco
341 2319 452 2407 posita
473 2328 537 2403 est,
564 2320 822 2410 diligentiusque
839 2318 954 2408 coepit
970 2317 1106 2407 agitari:
1132 2339 1220 2406 quae

54 2475 57 2482 .
99 2428 216 2487 tamen
229 2418 380 2485 nondum
392 2419 523 2487 videtur
536 2418 583 2487 ita
594 2422 638 2487 ab
655 2422 747 2488 omui
762 2421 969 2489 dubitatione
981 2421 1123 2487 liberata
1140 2442 1220 2503 esse,

100 2532 139 2617 ut
158 2521 213 2595 rei,
231 2520 398 2591 iudicatae
420 2523 649 2591 auctoritatem
665 2523 787 2591 afferre
801 2525 911 2592 liceat.
951 2525 1040 2589 Nam
1055 2524 1114 2610 qui
1129 2522 1163 2587 in
1180 2545 1221 2588 ea

103 2623 303 2714 explicanda
325 2625 555 2710 elaborarunt,
591 2644 709 2694 eorum
730 2627 869 2716 quidam
889 2647 1009 2693 vereor
1029 2648 1071 2692 ne
1092 2624 1220 2691 nodum

102 2728 222 2796 arctius
236 2729 502 2797 constrinxerint:
527 2728 662 2796 fuerunt
677 2739 789 2813 certe,
815 2731 874 2817 qui
889 2729 1005 2819 gladio
1020 2727 1221 2814 dirimerent.

104 2829 284 2898 Caeterum
299 2853 514 2919 quocumque
528 2831 848 2900 fundamento'illud
859 2832 996 2916 nitatur,
1010 2831 1130 2898 virtute
1144 2830 1222 2897 feli-

104 2933 249 3017 citatem,
265 2933 452 3002 malefactis
464 2934 695 3003 infelicitatem
710 2936 846 3002 mereri:
869 2935 970 3004 facile
990 2943 1102 3024 potest
1121 2932 1222 3000 intel-

103 3035 177 3126 ligi,
192 3037 289 3102 istam
302 3038 469 3103 bonorum
484 3038 694 3106 malorumve
708 3037 972 3105 distributionem
986 3037 1031 3103 ad
1045 3036 1221 3104 hominum

103 3137 264 3205 iudicium
279 3161 492 3228 nequaquam
504 3143 683 3229 pertinere.
723 3142 811 3219 Nam
827 3162 896 3206 non
915 3139 1025 3207 solum
1038 3139 1223 3206 diiudicare

106 3242 299 3330 cuiusquam
313 3242 537 3326 voluntatem,
563 3243 608 3309 ad
631 3242 725 3331 quod
741 3244 797 3310 dei
808 3243 946 3312 alicuius
961 3241 1120 3333 sapientia
1136 3262 1222 3330 opus
1251 3236 1255 3245 “

106 3347 164 3428 es't,
184 3342 330 3411 hominis
342 3344 513 3415 imbecilla
526 3346 685 3436 cognitio,
708 3368 795 3433 quae
818 3345 906 3412 solas
923 3345 1068 3411 actiones
1081 3352 1221 3434 spectat,

105 3468 172 3513 non
184 3447 290 3531 valet,
308 3447 426 3514 sedne
442 3447 470 3514 si
488 3447 615 3516 valeret
629 3448 786 3535 quidem,
808 3448 870 3514 ista
884 3449 1052 3515 bonorum
1064 3447 1222 3516 imminu-

104 3549 152 3615 tio
167 3558 309 3639 propter
324 3572 518 3640 perpessam
533 3551 686 3618 iniuriam
706 3551 751 3618 ad
771 3553 845 3618 iura
864 3551 1059 3639 cuiusquam
1072 3551 1222 3640 pertine-

104 3661 165 3718 ret.
190 3653 278 3719 Nam
294 3674 398 3740 quum
411 3655 536 3721 nemini
550 3654 735 3742 quidquam
749 3654 828 3721 iuris
841 3653 998 3720 aduersus
1013 3654 1155 3720 alterum
1170 3654 1221 3735 sit,

104 3754 165 3820 nisi
185 3759 347 3842 quatenus
368 3757 426 3823 ille
443 3757 600 3824 rationali
620 3765 736 3823 natura
756 3779 821 3847 pro
841 3757 1057 3823 instrumento
1075 3754 1222 3823 libidinis

106 3879 185 3924 suae
198 3858 370 3926 abutatur:
395 3881 463 3926 non
474 3869 586 3949 potest
600 3858 708 3927 homo
729 3859 836 3926 malus
855 3858 928 3926 ullo
951 3857 1134 3927 commodo
1150 3855 1223 3946 pri-

104 3960 331 4048 vari‚nisiquo
340 3962 562 4052 percipiendo
574 3962 838 4051 iuracuiuspiam
848 3961 1091 4028 imminuantur.
1108 3959 1222 4046 Atque
1252 4003 1255 4009 ι
1286 3950 1291 3954 ’

103 4071 141 4131 ut
157 4063 334 4154 indignum
349 4086 384 4131 se
400 4065 520 4152 aliquis
534 4065 714 4160 felicitate,
740 4088 806 4154 qua
828 4064 963 4146 fruitru,
987 4061 1128 4152 iudicet,
1153 4082 1223 4129 uon

105 4173 154 4232 est
168 4167 200 4233 ei
216 4176 328 4234 tamen
342 4166 471 4235 idcirco
494 4167 674 4260 voluptatis
688 4189 751 4235 usu
770 4166 991 4236 interdictum.
1025 4164 1106 4234 Hoc
1123 4165 1222 4249 enim,

103 4268 282 4362 iudignum
296 4293 366 4339 esse
380 4269 560 4357 felicitate,
585 4271 670 4339 nibil
690 4271 783 4340 aliud
798 4268 979 4362 significat,
1004 4289 1108 4359 quam
1125 4277 1223 4362 caus
