2826 4904
187 346 252 411 m
387 341 449 404 DE
476 339 682 405 csnrlco
711 342 757 404 tn
784 338 1091 403 ROMANORVM

136 514 281 583 ltldem
293 513 396 588 Galb.
419 536 450 584 c.
468 513 526 583 13.
547 515 718 607 siquidem
737 514 914 584 Atellanis
934 513 1159 583 nooadmom
1180 517 1297 583 caruti-

181 640 262 687 onm
280 619 430 703 exorsis,
462 618 585 687 uenit
614 619 657 687 io
678 618 813 688 simas
830 641 855 686 u
876 616 1016 701 oilla,
1050 619 1167 687 cuncti
1187 618 1297 687 siml

179 728 397 814 spectatores
418 721 648 790 cornertiente
672 742 757 790 voce
782 721 957 813 reliquam
980 728 1127 812 partem
1159 721 1293 789 retule-

179 831 279 910 runt,
306 846 371 909 ac,
402 826 545 917 saepius
563 845 668 892 versu
687 826 852 916 repetito,
887 830 1047 915 egerunt.
1107 825 1188 911 Hoc
1216 824 1294 911 qui·

180 926 260 995 dem
278 926 313 993 in
328 928 407 996 loco
427 928 594 998 canticum
611 936 661 994 est
675 927 773 996 chori
787 950 846 995 seu
866 935 1030 997 catervae
1082 927 1292 1014 Numquam

179 1053 202 1096 a
216 1038 316 1099 cantu
330 1030 470 1098 ductum
488 1029 613 1099 sithoc
628 1053 768 1116 nomen,
793 1051 909 1120 perse
929 1049 999 1097 non
1017 1028 1163 1114 indicat,
1181 1038 1293 1099 utrum

179 1133 275 1201 unius
304 1156 348 1200 un
378 1134 528 1224 plurium
557 1142 672 1203 cantus
701 1133 916 1225 intelligatur.
967 1132 1087 1220 ltaque
1111 1131 1292 1220 Vitruvius,

179 1237 273 1304 cuius
291 1236 406 1305 locum
429 1259 530 1328 supra
542 1237 655 1321 aaut,
681 1236 824 1305 ectroro
838 1235 1014 1304 canticum
1029 1234 1132 1320 dixit,
1157 1258 1291 1308 cutmen

178 1363 200 1406 a
225 1338 333 1408 choro
358 1348 526 1408 cantatum
550 1339 751 1432 significans.
808 1339 868 1410 Sic
892 1339 993 1407 etiam
1016 1337 1196 1409 Phaedrus
1222 1339 1289 1408 fab.

287 1576 384 1647 iisne
408 1577 536 1648 olemus
555 1578 716 1672 ignotum
736 1598 835 1647 more
857 1577 962 1646 docto
985 1576 1163 1647 canticum

280 1679 454 1768 Insonnit,
484 1682 583 1751 caius
600 1681 692 1751 haec
703 1679 781 1775 firit
798 1682 987 1749 sententia:

278 1785 437 1861 Laetare
455 1783 638 1854 incolumis
655 1783 792 1871 Romu,
824 1784 924 1852 salvo
940 1783 1115 1877 principe.

66 1906 70 1912 ¹
177 1921 236 1991 Sic
256 1924 358 1991 etiam
379 1942 412 1995 v.
428 1918 488 1991 31.
539 1921 625 1990 Inde
648 1930 812 1992 cantores
829 1921 874 1989 de
890 1929 1025 1990 caterva
1044 1917 1139 2010 apud
1152 1917 1288 1988 Cicero-

177 2047 256 2094 nem
276 2048 343 2116 pro
368 2026 408 2097 P.
438 2023 554 2092 Sextio
584 2045 613 2091 c.
644 2021 706 2091 55.
736 2025 795 2113 qui
815 2024 955 2093 Graecis
979 2020 1163 2116 χορευταί.
1220 2021 1290 2090 Sed

176 2151 281 2218 quum
294 2130 330 2197 in
348 2126 531 2220 tragoediis
553 2136 587 2195 et
601 2127 784 2198 comoediis
804 2127 898 2217 apud
917 2127 1092 2194 Romanos
1113 2147 1198 2192 unns
1217 2133 1289 2192 tan·

177 2241 251 2299 tum
276 2242 429 2317 caneret,
462 2230 557 2319 isque
578 2230 669 2326 solus
690 2253 805 2300 secum
829 2228 979 2319 aliquid,
1012 2250 1082 2296 non
1107 2250 1186 2296 cum
1209 2227 1288 2313 aliis,

178 2335 339 2424 loquens,
365 2337 575 2419 factumest,
601 2344 639 2402 ut
661 2335 828 2423 canticum
846 2332 1038 2423 saepissime
1060 2331 1105 2398 de
1128 2328 1288 2450 porpdia

177 2438 362 2523 diceretur,
384 2459 454 2526 quo
468 2437 636 2507 vocabulo
650 2460 727 2505 usus
741 2446 792 2506 est
808 2436 977 2522 Donatus,
1003 2433 1171 2504 canticum
1187 2433 1289 2539 sigui-

177 2541 298 2628 ficans,
325 2541 370 2609 ad
384 2540 535 2609 Terentii
556 2538 767 2625 Hec.V.'o',
793 2537 853 2607 18.
906 2522 1252 2630 Opemepretium
1237 2536 1288 2603 fa-

177 2654 287 2731 ceret,
313 2645 372 2733 qui
392 2645 552 2713 cantica
542 2666 577 2712 ιιι
592 2644 742 2712 Terentii
754 2642 934 2732 Plautique
948 2639 1072 2715 fabulis
1093 2663 1114 2707 ιι
1134 2638 1288 2707 diverbiis

176 2747 414 2838 distingueret,
439 2746 557 2835 quod
547 2768 582 2813 ιιι
600 2747 723 2815 Plauto
736 2746 939 2838 plemmque
957 2744 1088 2835 facilius
1103 2749 1164 2829 est,
1190 2763 1288 2832 quam

175 2848 210 2917 in
232 2849 403 2919 Terentio.

277 3014 364 3085 Satis
396 3015 637 3086 demonstrasse
663 3016 748 3086 mihi
775 3019 910 3105 videor,
952 3018 1083 3090 cantica
1113 3030 1148 3090 ct
1179 3031 1289 3114 partes

174 3120 323 3212 ipsarum
344 3119 448 3202 fuisse
470 3119 680 3206 fabularum,
712 3144 824 3211 neque
850 3123 999 3192 oratione
1017 3133 1051 3192 et
1073 3126 1166 3194 vocis
1190 3118 1287 3195 cantu

174 3225 326 3294 carniae.
384 3224 516 3294 Tamen
547 3223 698 3294 nondum
730 3226 835 3294 otium
864 3225 960 3295 nobis
988 3226 1071 3296 facit
1101 3225 1289 3321 Boettigeri

175 3328 363 3419 disputatio.
414 3329 503 3396 Nam
525 3325 599 3414 hic,
626 3351 730 3417 quum
752 3329 837 3398 illud
858 3327 988 3414 Plauti,
1020 3329 1065 3398 de
1092 3353 1162 3420 quo
1190 3353 1288 3463 supra

164 3431 390 3516 dictumest,
416 3441 727 3518 commemorasset,

281 3565 422 3636 Tibicen
445 3590 507 3636 vos
532 3569 667 3637 intereo
699 3568 758 3636 trie
782 3566 1028 3656 delectaverit,

174 3704 275 3790 ltine,
301 3705 426 3793 inquit,
459 3704 567 3772 etiam
589 3704 743 3798 intelligi
759 3726 868 3797 posse
881 3712 991 3798 pato,
1017 3705 1105 3797 qaid
1123 3706 1160 3775 in
1182 3727 1288 3775 sceroa

173 3809 375 3877 actitaverit
394 3807 545 3877 Roscios
565 3809 643 3894 ille,
675 3830 831 3876 summus
855 3816 976 3876 aetate
1000 3809 1179 3903 Ciceronis
1199 3809 1286 3876 arti-

163 3909 254 4004 fex,
289 3918 323 3979 et
349 3919 516 4002 gestuum
536 3913 632 3983 mna
650 3913 826 3980 varietate
851 3919 885 3980 et
908 3913 1058 3980 ueritate
1080 3911 1286 3980 laudatissi-

111 4090 112 4094 Ἰ
173 4036 266 4098 ιιιιιιι,
293 4013 379 4104 qnid
397 4006 578 4105 Aesopus,
604 4015 693 4105 qaid
707 4015 772 4084 ulii
789 4015 960 4106 tragoedi
976 4023 1010 4082 et
1033 4015 1193 4084 comoedi
1207 4023 1287 4082 trono

173 4117 341 4206 temporis
353 4115 566 4186 nobilissimi.
617 4116 719 4185 Aluit
733 4117 902 4203 Roscius,
927 4125 967 4186 ut
982 4140 1028 4186 er
1049 4120 1210 4186 oratione
1227 4117 1286 4186 Gi-

174 4218 309 4286 ceronis
319 4239 389 4310 pro
410 4240 451 4288 eo
464 4220 639 4304 novimus,
664 4241 821 4312 gregem
832 4220 1049 4306 histrionum,
1075 4219 1201 4312 quidus
1209 4220 1288 4312 ipse

174 4327 386 4393 monstraret
407 4331 532 4417 gestns
550 4329 585 4395 et
602 4330 719 4393 anem
739 4323 968 4395 histrioniam.
998 4322 1290 4420 Quotiescumque
