2826 4904
485 322 893 402 onsrnvs'menns.
1181 342 1246 407 ree

137 509 275 600 quidem
294 531 430 602 prorsus
442 509 603 596 alienum,
628 521 666 580 nt
685 511 742 586 01.
759 512 786 579 Ι.
798 510 859 581 44.
884 512 1016 582 Deinde
1034 512 1124 586 πέδα
1140 510 1289 602 Pyrum
1390 560 1394 567 -

136 615 174 683 V.
192 612 254 682 62.
279 615 329 704 (ἰιι
342 635 410 704 que
429 621 540 684 tamen
557 615 701 684 carmine
719 638 752 684 v.
777 613 862 683 126.
876 617 972 708 μέτα
988 617 1056 685 sino
1072 616 1166 683 libris
1180 637 1249 701 non

136 717 351 808 mutandum)
377 716 472 784 Vlll.
503 715 587 785 195.
612 717 735 809 fragm.
768 741 804 809 p.
828 716 913 786 115.
937 719 1032 810 apud
1055 717 1179 791 Athen.
1212 740 1248 808 p.

135 817 223 895 641.
239 820 279 888 G.
294 844 314 888 e
328 819 529 904 Schneideri
552 821 802 889 emendatione:
830 823 1041 916 πεδέρχεται
1057 822 1153 890 Nem.
1168 821 1247 893 vll.

91 1000 94 1005 .
137 920 225 991 199.
285 922 483 1014 Composita
506 932 621 992 tamen
650 924 751 992 etiam
775 922 811 990 in
842 922 974 991 Derieis
1001 925 1091 997 rra'de
1125 923 1249 1009 admit-

133 1033 209 1094 tunt
231 1022 291 1116 *).
315 1019 546 1119 πεδάμειψαν
574 1024 631 1095 01
654 1027 731 1093 xli.
753 1023 813 1092 18.
834 1018 1060 1116 πεδαυγάζων
1087 1026 1185 1095 Nem.
1193 1026 1248 1095 ’.Χ

83 1161 87 1169 ·
135 1126 221 1195 114.
244 1129 304 1196 ubi
326 1127 405 1202 cod
424 1129 515 1220 Aug.
540 1129 595 1202 ed
615 1130 717 1197 Rom.
741 1129 863 1216 aliique
880 1128 960 1195 libri
976 1119 1061 1199 ndo
1076 1122 1249 1221 αὐγάζων

135 1215 929 1332 Perro’encptaposPythVlll.135.quodm
950 1229 1081 1298 Derieis
1095 1235 1176 1298 est'
1158 1224 1250 1324 ιφά-

135 1333 512 1429 μεροιιῒέφαμέριοι.
564 1335 696 1403 Tum’
678 1362 717 1408 εν
737 1356 803 1424 pro
823 1338 856 1414 ἐς
872 1332 973 1423 Pyth
988 1331 1033 1399 11.
1053 1330 1113 1400 21.
1128 1333 1170 1400 V
1188 1328 1249 1400 59.

137 1437 201 1504 et
190 1459 227 1503 m
242 1435 385 1504 Aeolico
400 1435 523 1528 fragm.
543 1461 579 1529 p.
603 1434 666 1511 61
717 1433 891 1526 Nusquam
911 1436 1010 1504 hec
1000 1458 1036 1503 m
1051 1434 1205 1504 Derieis
1196 1458 1249 1506 ur-

135 1539 284 1624 venitur‚
314 1539 380 1606 nisi
400 1539 489 1608 forte
516 1541 727 1609 librariorum
754 1563 884 1624 errore,
923 1548 979 1607 aut
1010 1539 1250 1628 grammatico-

135 1665 211 1709 rum
231 1643 382 1730 invente,
414 1652 453 1763 qt
475 1644 578 1733 Pyth.
599 1644 658 1712 IV.
688 1638 774 1711 459.
797 1642 930 1711 Ibidem
952 1665 983 1709 ι.
1009 1632 1096 1712 316.
1125 1662 1190 1731 pro
1215 1644 1250 1721 ἐς

137 1741 346 1818 Φάσινδ”
325 1741 443 1817 επειτ’
469 1740 647 1840 &adiubes
660 1745 872 1813 scribendum
894 1752 959 1827 est,
984 1765 1139 1811 versuum
1161 1764 1250 1832 qno-

135 1870 203 1935 que
219 1847 428 1916 distinctione
440 1849 697 1936 postulante,'
680 1875 713 1927 ες
733 1847 851 1920 Φάαιν
875 1842 946 1919 δ”
932 1851 1072 1919 ε’πειαεν
1099 1844 1249 1943 ἤλυθον.

134 1949 263 2018 Hoe''
242 1975 383 2022 επειτεν
391 2004 405 2038 ,
438 1951 533 2037 qued
553 1951 669 2020 Aelius
696 1949 875 2041 Dionysius
906 1949 1000 2042 apud
1029 1949 1184 2018 Eustath.
1212 1973 1249 2040 p.

137 2049 257 2136 1158,
290 2050 350 2119 39.
384 2053 538 2122 lonicum
571 2077 642 2123 esse
678 2062 712 2123 et
746 2055 840 2147 apud
867 2053 1084 2123 Herodotum
1111 2052 1251 2120 inveniri

134 2163 292 2238 testatur,
323 2155 520 2245 Phrynicho
546 2181 581 2248 p.
612 2155 672 2226 48.
696 2157 829 2226 Atticos
858 2155 1066 2247 respicienti,
1108 2165 1143 2222 et
1169 2153 1251 2221 inde

133 2257 304 2326 Favorino
323 2259 359 2328 in
382 2281 415 2327 v.
437 2255 529 2342 εἴτε,
564 2250 723 2347 ἐσχάνωι
741 2253 931 2354 βάρβαρον
957 2266 1134 2341 vocatum,
1168 2257 1253 2330 Pin-

134 2360 221 2428 daro
236 2359 338 2427 etiam
360 2360 458 2427 Nem.
472 2360 535 2435 111.
557 2359 624 2428 94.
643 2382 709 2450 pre
729 2356 845 2433 ἔπειτ’
872 2365 929 2448 ε’ν,
956 2368 993 2426 ut
1013 2359 1079 2428 iam
1094 2359 1250 2429 Pauwius

134 2461 376 2552 suspicabatur,
401 2463 649 2531 restituendum.
675 2462 764 2531 Cod.
785 2465 876 2554 Aug.
899 2463 947 2531 ibi
971 2461 1029 2536 εἰιὶ
1052 2455 1128 2534 τάν.
1156 2462 1252 2553 Aeo-

134 2566 208 2633 licis
224 2565 423 2633 carminibus
439 2567 539 2634 etiam
557 2558 733 2658 όννμάξαι
748 2566 963 2634 tribuendum
980 2563 1124 2663 videtur,
1148 2563 1250 2654 Pytb.

134 2666 179 2734 11.
196 2665 259 2741 82.
272 2666 350 2736 VII.
369 2665 404 2735 6.
419 2667 478 2736 XI.
496 2668 558 2742 lo.
608 2668 649 2737 ln
665 2669 803 2739 caeteris
826 2669 913 2738 enim
936 2667 1119 2739 eommunis
1141 2667 1253 2735 forma

134 2771 316 2854 invenitur,
351 2763 561 2864 ὀνάμασθεν
586 2769 644 2844 01.
670 2771 730 2844 lx.
752 2770 811 2839 tl.
837 2765 1024 2865 ὠνόμασεν
1048 2769 1150 2860 Pyth.
1173 2770 1252 2843 Xll.

134 2871 196 2941 41.
227 2873 288 2941 ubi
317 2895 417 2942 neme
446 2875 565 2966 paullo
591 2873 726 2944 doctior
759 2869 970 2967 ὀνύμασθεν
998 2881 1032 2944 et
1065 2868 1252 2966 ω’νάμασεν

136 2977 238 3045 scribi
273 2974 377 3049 volet.
430 2978 564 3045 Nomen
592 2986 704 3044 autem
732 2973 850 3069 ὄννμα
880 2987 913 3045 et
942 2977 977 3047 in
999 2975 1127 3044 Dorieo
1156 2986 1189 3044 et
1218 2976 1253 3047 iu

135 3079 278 3148 Aeolico
303 3079 449 3147 carmine
472 3081 588 3150 locum
608 3079 730 3148 babet:
756 3077 812 3148 01.
837 3080 897 3152 Vl.
921 3075 981 3148 95.
999 3080 1097 3146 Nem.
1113 3080 1173 3150 Vl.
1191 3076 1251 3146 82.

134 3205 245 3273 neque
258 3204 399 3269 nsquam
413 3179 532 3274 ὄνομα
553 3182 647 3272 apud
665 3181 849 3251 Pindarum
870 3189 929 3253 est.
981 3181 1095 3247 Etiam
1115 3203 1253 3249 accessa

135 3286 220 3353 tirus
252 3285 393 3376 pluralis
417 3283 584 3352 secundae
608 3282 839 3352 declinationis
864 3283 899 3348 in
932 3308 969 3360 ος
999 3282 1190 3349 terminatus
1217 3282 1253 3350 in

135 3388 215 3458 selis
240 3387 391 3456 Aeobeis
425 3385 626 3455 carminibus
655 3384 788 3451 videtur
819 3383 980 3451 admissus
1010 3405 1095 3450 esse:
1144 3384 1253 3466 νάσος

136 3490 193 3561 Ol.
220 3490 264 3559 11.
289 3488 376 3559 129.
400 3481 500 3570 ε’σλός
522 3489 619 3562 Nem.
643 3486 706 3560 111.
731 3482 793 3561 59.
817 3486 877 3560 ubi
901 3485 1040 3576 quidem
1061 3485 1140 3558 cod
1160 3487 1251 3578 Aug.

178 3817 221 3903 *)
243 3818 415 3880 Beecklnus
450 3840 483 3900 p
514 3825 588 3888 293
625 3817 739 3916 „qued
769 3816 958 3882 Hermrnnus
982 3817 1042 3879 hoe
1069 3822 1195 3876 excusat
1220 3813 1254 3874 in

137 3905 358 3984 „compositis,
387 3904 463 3964 nihil
487 3915 545 3965 est:
575 3862 649 3984 quid
679 3903 756 3962 enim
782 3903 841 3964 hae
868 3904 1025 3989 quidem'
1016 3923 1048 3961 m
1076 3921 1110 3962 re
1130 3901 1255 3960 interest

137 3989 248 4066 „iuter
277 3989 356 4052 πὲδα
377 3991 505 4070 simplex
533 3998 563 4049 et
592 4008 661 4046 curn
683 3987 779 4048 verbe
807 4010 925 4070 compes
914 3987 1052 4048 situm'l“
1080 3987 1146 4045 Nerr
1169 3983 1254 4058 nihil.

137 4033 190 4135 'sed
209 4074 327 4154 aliquid
348 4074 463 4135 dictum
485 4095 548 4134 esse
568 4073 712 4133 fatebitur
733 4073 781 4134 vir
803 4078 951 4154 optimus,
981 4071 1035 4132 ubi
1056 4071 1254 4152 reputaverit,
1347 4127 1348 4131 ,
1388 4144 1395 4173 Γ

137 4159 186 4220 vel
209 4180 227 4217 a
252 4159 376 4238 tragicis
396 4158 501 4223 πέδα“
492 4180 524 4218 ιιι
546 4159 719 4238 compositis
741 4157 933 4219 admissum'
923 4155 1062 4217 inveniri.
1106 4155 1256 4215 Omnino·
1307 4190 1312 4196 ·

139 4263 197 4323 que
225 4264 287 4304 nen
317 4245 392 4305 adeo
421 4245 557 4324 ignotum
588 4242 791 4324 credideram,
823 4243 1057 4325 compositorum
1080 4241 1171 4301 alium
1192 4260 1257 4303 esse

139 4349 229 4409 quem
253 4330 434 4412 simplicium
452 4348 549 4392 usum.
