2826 4904
468 295 516 354 IN
546 295 727 357 GRAECA
754 298 941 362 LINGVA.
1197 308 1265 370 21⁸

146 463 284 635 lGraeca
296 464 565 636 gglarprmaticap
556 462 669 537 ..156
693 470 854 563 protulit,
879 480 917 542 ut
930 473 1138 568 Sophoclis
1128 497 1163 544 nr
1177 473 1244 544 Phi

160 577 219 638 oct
246 592 277 637 v
1367 594 1370 600 “

767 671 945 757 εὖθεως
921 678 1098 768 σιιέσχιτο

250 767 319 846 τοι
334 769 443 870 ἄοδρ
459 768 626 862 Ἀχαιοῖς
644 768 752 848 τόνδε
740 773 983 902 δηλώσειν
956 805 1069 875 αγων·

252 877 371 948 οἴοιτο
381 875 451 968 μὲν
467 870 641 968 μα’λισθ,
667 871 830 953 ἑκούσιον
846 875 981 974 λαβών,

253 980 288 1049 εἰ
297 1004 349 1074 μη
341 970 549 1066 θέλοιιλ,
576 975 724 1054 ἄκοντα.

146 1113 276 1183 Verum
300 1136 343 1181 ne
364 1112 399 1180 in
422 1111 475 1180 his
496 1113 634 1202 quidem
655 1115 726 1182 ulla
748 1115 872 1208 ellipsis
892 1126 958 1203 est,
995 1118 1075 1208 qnia
1092 1117 1259 1212 optativus
1266 1132 1328 1197 191

145 1240 259 1308 perse
273 1214 374 1283 index
389 1225 438 1283 est
454 1217 584 1285 alienae
600 1219 791 1287 sententiae.

248 1318 493 1410 Ptogredimur
515 1320 660 1410 denique
681 1321 726 1388 ad
750 1321 884 1413 ellipsin
906 1322 1147 1413 particularum
1166 1321 1211 1405 οἷς
1227 1331 1264 1392 et

147 1419 259 1502 οἷστε,
302 1423 338 1490 in
365 1412 488 1510 quibos
512 1422 580 1492 dici
609 1425 664 1491 vix
685 1433 815 1515 potest,
854 1435 1016 1514 quantum
1045 1450 1066 1494 a
1092 1447 1174 1496 vero
1200 1425 1263 1493 viri

147 1524 241 1594 docti
252 1525 488 1593 aberraverint.
517 1527 571 1595 Ac
590 1527 702 1619 primo
717 1550 821 1616 quum
834 1528 870 1595 in
884 1529 1135 1621 comparatione
1156 1529 1264 1598 omitti

144 1624 316 1719 pntant'
287 1655 349 1713 ως,
375 1636 508 1696 tantum
531 1632 642 1714 abest,
674 1638 711 1697 ut
737 1655 779 1698 ea
802 1631 968 1720 particula
990 1631 1178 1718 omittatur,
1212 1639 1261 1715 ut,

144 1731 251 1798 ubi
229 1754 270 1798 ns
289 1730 423 1798 videtur
448 1731 589 1817 omissa,
621 1755 666 1799 ne
686 1731 769 1799 addi
789 1731 929 1821 quidem
950 1734 1110 1825 potuerit
1160 1732 1236 1803 Vt
1226 1740 1262 1802 in

143 1835 206 1902 isto
226 1825 460 1925 Aristophanis
477 1834 576 1920 loco,

246 1961 340 2043 ovd*
354 1964 625 2068 Ἀρίστυλλος
601 1963 815 2062 αποχοῖσιιοιν
836 1974 958 2068 ἐρεῖς,ι

141 2129 212 2175 non
231 2104 293 2176 hic
313 2114 363 2174 est
384 2130 513 2192 sensns,
547 2114 592 2175 tu.
607 2115 792 2201 tamquam
810 2109 1004 2199 Assyrios
1028 2109 1133 2185 hians
1151 2109 1261 2196 dices,

142 2209 206 2277 sed
221 2209 297 2297 ipse
310 2211 395 2293 eris,
421 2232 528 2300 quom
550 2209 590 2277 id
602 2209 744 2301 socies,
769 2210 971 2298 Aristyllos.
1023 2211 1099 2296 Sic,
1124 2220 1260 2303 praeter

141 2309 346 2395 Homerica,
374 2308 410 2376 in
431 2309 569 2379 caeteris
593 2333 730 2400 quoque
746 2311 928 2402 exemplis,
954 2311 1135 2402 dequibus
1149 2314 1261 2405 pnd'et

140 2412 328 2503 quidquam
343 2409 499 2480 adiicere.
549 2411 678 2498 Miror,
704 2413 1016 2503 quod-*Schacferns
1030 2424 1064 2485 et
1084 2415 1192 2486 hicet
1213 2416 1259 2484 ad

141 2518 303 2606 Longum
334 2514 369 2581 in
388 2516 528 2600 talibus,
565 2525 604 2582 ut
624 2522 700 2596 τοῖς
724 2510 942 2609 τοξεύμασιν
963 2517 1121 2612 ἐχρῶντο
1145 2514 1258 2591 οἶκοι-

140 2618 250 2698 τίοις,
278 2616 409 2707 ellipsin
431 2618 610 2686 admiserit.
659 2619 748 2686 Nam
771 2619 855 2707 quid
879 2620 1040 2688 omissum
1052 2620 1257 2712 putabimus,
1290 2694 1295 2703 .

140 2723 168 2790 si
188 2719 309 2790 eadem
329 2742 383 2787 res
405 2721 452 2789 ita
474 2720 620 2792 dicatur:
650 2715 700 2793 τοὶ
723 2715 931 2814 τοξεύματα
957 2718 1081 2804 αὐτοῖς
1103 2715 1258 2795 dolorm

139 2820 210 2914 ἧοὲ
234 2825 291 2892 An
310 2823 370 2893 hic
391 2846 528 2913 quoque
548 2825 594 2906 ὥς
617 2824 679 2891 erit
702 2823 985 2917 intelligendum?
1018 2823 1168 2894 O'redent
1185 2825 1258 2895 hoc

139 2927 296 3011 sortasse,
330 2935 364 2994 et
382 2928 537 3013 credant,
567 2950 633 3018 per
653 2949 710 2995 me
729 2928 827 3014 licat,
865 2927 924 3016 qui
946 2923 1055 3022 φασί,
1087 2927 1154 2996 vol⁴
1171 2927 1256 3021 ἐμοὶ

139 3033 240 3103 δοκεῖ
246 3078 256 3114 ,
285 3028 419 3098 mediae
448 3031 590 3100 orationi
609 3031 748 3118 inserta,
772 3051 841 3099 non
861 3039 981 3123 putant
1004 3030 1066 3099 nisi
1087 3030 1256 3101 advocato

138 3131 184 3214 ὥς
200 3141 287 3200 stare
303 3155 413 3223 posse.

240 3267 312 3338 Sed
328 3270 501 3338 videamus
512 3290 601 3337 nunc
615 3268 658 3349 ὥς
673 3278 707 3336 et
721 3267 807 3350 ὤςτο
821 3268 981 3336 infinitivo
1000 3269 1134 3354 iuncta,-
1159 3266 1255 3354 qnod

136 3373 185 3439 ita
205 3380 255 3440 est
274 3372 449 3457 usitatum,
474 3379 513 3438 ut
531 3372 711 3439 infinitivus
731 3370 784 3438 his
806 3370 978 3462 particulis
995 3390 1110 3436 carens
1133 3390 1175 3436 ex
1195 3392 1254 3436 ea-

136 3498 213 3543 rum
236 3476 345 3566 ellipsi
367 3474 518 3567 pendere
541 3475 694 3543 omnibus
718 3473 880 3541 videatur.
933 3471 1077 3540 Adeone
1091 3494 1173 3540 vero
1188 3471 1255 3541 do-

136 3586 208 3646 ctos
223 3576 379 3646 homines
391 3600 460 3646 non
473 3580 656 3668 cogitasse,
683 3576 765 3665 quid
781 3585 938 3669 agerent,
963 3584 1002 3642 ut
1021 3574 1147 3658 etiam,
1165 3595 1253 3663 quae

134 3679 299 3750 facillima
318 3690 413 3768 sunt,
435 3704 499 3773 per
514 3680 707 3749 difficiliora
729 3680 898 3771 explicare
914 3677 1138 3750 conarentur?
1162 3677 1321 3751 Nam192
1375 3700 1378 3704 “

135 3806 224 3872 quae
247 3784 336 3855 haec
358 3785 525 3856 dementia
548 3793 612 3869 est,
648 3784 675 3850 si
691 3783 754 3850 tibi
777 3782 919 3852 difficile
939 3780 1109 3864 videatur,
1142 3803 1251 3852 συνε-

134 3879 239 3960 λόντι
263 3891 396 3978 εἰπεῖν,
421 3888 478 3957 vel

238 4018 354 4118 αὐτοῖο
374 4023 396 4096 ὂ
411 4049 501 4095 ocra
519 4017 651 4096 Θυέστ’
673 4016 923 4114 Ἀγαμέμνονι
940 4022 1038 4090 λεῖπε
1055 4014 1228 4112 φορῆναι,

236 4126 410 4222 πολλῇσιν
431 4118 575 4219 ιη’σοισι
598 4152 658 4196 και
649 4121 829 4219 ’Ἄργεΐ
813 4149 923 4194 παστι
936 4145 1127 4207 ανασσειι,

133 4286 154 4328 a
173 4260 400 4354 particulis
369 4288 415 4343 ως
429 4257 515 4330 et*
486 4287 571 4342 ωςτσ
591 4260 749 4328 auxilium
774 4266 912 4351 petere,
936 4280 1023 4347 quae
1044 4278 1109 4326 nec
1131 4255 1250 4348 magis,
