2826 4904
166 287 229 352 lto
411 285 527 348 Pras
548 286 587 348 11.
614 288 672 350 DE
702 285 1027 350 DlFFERENl'lA

146 506 149 511 -
166 479 264 528 usum
276 454 391 543 habet,
403 467 442 526 ut
452 458 706 550 significationes
718 458 960 527 vocabulorum
971 455 1148 540 disseram
1162 463 1278 544 etqua

165 561 317 651 quidque
335 570 500 653 potestate
519 561 649 630 dicatur
669 560 805 646 indicet,
825 560 884 628 sed
906 561 1006 650 etiam
1021 559 1081 626 tali
1102 567 1278 648 tempera-

166 673 280 733 mento
289 686 366 733 cum
376 686 529 733 mensura
542 665 764 748 confunditur,
773 672 810 732 ut
816 663 1024 732 severitatem
1037 683 1215 739 mensurae
1224 671 1276 729 at-
1360 742 1365 755 Ι

136 786 235 856 oque
249 774 439 836 accuratam
452 768 708 860 proportionem
721 767 855 834 minuat.
889 765 1006 854 ltaque
1022 786 1128 849 quum
1146 785 1189 832 ex
1211 786 1278 832 una

166 878 263 961 parte
271 869 316 936 ad
323 869 548 960 cognitionem
562 893 675 938 rerum
683 879 783 959 atque
798 869 1052 959 intelligentiam
1064 874 1210 958 spectet,
1238 866 1279 935 eu

168 972 273 1040 altera
279 980 375 1063 parte
384 981 495 1041 autem
500 972 726 1063 pulcritudine
737 972 807 1056 illa,
822 972 1183 1060 quaeinrnensurarum
1191 968 1278 1060 aptis

168 1074 473 1164 comparationibus
493 1086 551 1161 est,
577 1084 700 1159 careat,
728 1096 850 1166 prosae
863 1074 1029 1158 orationis,
1053 1094 1121 1140 non
1134 1093 1279 1162 poeseos

169 1184 227 1245 est.
247 1176 407 1247 Mensura
421 1200 502 1246 vero
520 1201 589 1246 non
601 1179 710 1246 solum
725 1177 819 1266 quod
835 1186 992 1260 accentu,
1018 1176 1078 1264 qui
1098 1175 1280 1244 verborum

168 1278 418 1371 significationis
440 1280 676 1348 demonstratio
699 1290 764 1365 est,
790 1290 898 1365 caret,
924 1278 984 1348 sed
1003 1279 1104 1346 etiam
1117 1278 1199 1366 quia
1213 1277 1280 1344 du-

168 1382 331 1450 rationem
345 1404 502 1451 sonorum
524 1384 621 1453 certis
642 1383 916 1474 proportionibus
937 1382 1078 1465 indicat,
1113 1402 1133 1447 a
1157 1379 1278 1471 cogni-

167 1485 258 1553 tione
275 1507 411 1569 eorum‚
436 1509 522 1574 quae
535 1486 643 1554 verbis
656 1486 874 1570 denotantur,
900 1485 945 1553 ad
965 1486 1074 1573 ipsam
1086 1483 1179 1551 vocis
1193 1504 1279 1552 con-

168 1587 421 1672 siderationem,
447 1597 481 1657 et
501 1589 819 1678 contemplationem
838 1587 1089 1677 pulcritudinis,
1114 1608 1204 1675 quae
1230 1593 1280 1652 est

167 1690 305 1758 iniusta
326 1692 486 1783 temporis
507 1692 729 1777 dimensione,
764 1691 890 1759 animos
913 1698 1042 1760 avocat
1092 1686 1177 1755 lude
1195 1709 1279 1778 pro-

167 1793 244 1884 pria
257 1815 400 1882 poeseos
420 1817 461 1862 ea
478 1795 712 1884 pronunciatio
725 1804 792 1878 est,
818 1817 905 1884 quae
918 1813 1105 1861 mensuram
1118 1791 1279 1883 neglecto

169 1904 312 1963 accentu
333 1896 497 1986 exprimit.
548 1896 796 1966 confirmantur
817 1920 877 1983 ea,
912 1919 999 1985 quae
1022 1894 1185 1979 diximus,
1221 1914 1281 1960 ex-

167 1995 334 2089 perientia
359 1999 585 2090 exemplisque
611 2000 812 2090 linguarum.
874 2000 928 2069 Ac
959 1998 1110 2067 Graecos
1140 1994 1280 2085 quidem

170 2099 376 2191 Latinosque
398 2100 432 2167 in
455 2123 556 2191 prosa
581 2103 730 2170 oratione
754 2111 947 2186 accentum,
977 2101 1013 2168 in
1041 2100 1137 2192 poesi
1172 2098 1280 2166 solam

168 2225 359 2271 mensuram
380 2213 537 2294 sequutos
565 2214 703 2274 constat
756 2205 911 2289 Quomm
934 2202 980 2272 de
1004 2202 1132 2271 Latinis
1157 2201 1290 2272 certior·

168 2305 258 2373 foret
277 2307 464 2395 clariorque
484 2307 682 2398 disputatio,
707 2308 768 2377 nisi
788 2308 823 2375 in
842 2306 1022 2399 perpaucis
1034 2313 1163 2373 tantum
1175 2325 1281 2374 voca-

168 2408 257 2477 bulis
269 2418 442 2496 accentuS,
467 2432 536 2500 quo
548 2411 584 2477 in
605 2412 775 2481 communi
796 2411 948 2479 fermone
968 2409 1163 2493 utebantur,
1188 2407 1281 2479 vele

168 2512 467 2603 grammaticorum
484 2514 677 2582 testimoniis
698 2523 794 2581 notus
811 2522 913 2596 esset,
938 2513 994 2580 vel
1009 2510 1183 2602 probabili
1197 2532 1281 2581 con-

167 2613 295 2682 iectura
309 2624 423 2705 posset
437 2616 596 2705 exputari.
650 2616 695 2683 Vt
715 2615 860 2699 exinde,
887 2614 932 2683 de
950 2636 1020 2704 quo
1041 2613 1152 2682 Servii
1170 2612 1282 2682 habe-

168 2738 244 2784 mus
265 2716 516 2802 auctoritatem,
559 2726 592 2784 et
616 2717 767 2784 infinitivi
798 2718 1055 2809 praeteritorum
1085 2716 1280 2801 activorum,

169 2817 230 2906 qui
251 2819 513 2887 contractionem
533 2818 729 2905 admittunt,
758 2828 797 2887 ut
821 2821 1014 2905 amavisse,
1046 2841 1192 2909 quorum
1220 2840 1282 2887 ac-

74 2966 78 2970 *
171 2927 341 2990 centume
362 2921 590 2992 contractione
609 2922 756 2991 divinare
769 2923 857 2992 licet
908 2924 948 2991 ln
963 2923 1097 2991 Graeca
1119 2943 1202 2990 vero
1215 2921 1281 2989 liu-

170 3044 242 3114 gua
264 3030 356 3093 certa
374 3046 427 3091 res
445 3033 510 3093 este
536 3046 622 3113 quae
644 3025 843 3115 simulatque
858 3027 893 3093 in
914 3026 997 3094 duas
1022 3026 1148 3093 formas
1177 3024 1282 3093 divisa

171 3133 239 3211 est,
275 3125 447 3216 poeticam
478 3136 511 3195 et
538 3149 691 3218 prosam,
723 3151 825 3220 prosa
859 3137 1035 3199 accentum
1063 3127 1282 3213 conservavit,

56 3232 68 3238 “
170 3229 307 3319 poetica
336 3230 440 3319 plane
466 3230 591 3301 reiecit.
655 3231 899 3322 Antiquissimis
940 3232 1028 3300 enim
1058 3231 1281 3321 temporibus,

170 3331 323 3400 nondum
335 3332 396 3401 illo
415 3331 605 3404 discrimine
626 3335 823 3420 constituto,
848 3344 1002 3404 accentus
1018 3333 1119 3402 etiam
1134 3335 1170 3401 in
1183 3333 1282 3424 poesi

170 3432 320 3521 aliquam
335 3433 596 3505 dominationem
611 3436 775 3506 habebat:
800 3437 894 3527 qnod
915 3437 951 3504 in
976 3437 1129 3504 Homero
1149 3445 1184 3504 et
1205 3436 1282 3504 He-

171 3535 269 3604 siodo
285 3536 436 3628 plurimis
451 3549 564 3628 potest
583 3549 616 3608 et
636 3540 900 3609 luculentissimis
922 3539 1132 3609 documentis
1146 3560 1281 3631 cogno-

171 3639 229 3708 sci.
278 3638 363 3736 lnde
377 3662 458 3710 vero
475 3644 601 3711 multae
617 3644 797 3711 verborum
818 3643 1116 3727 conformationes,
1146 3641 1182 3708 in
1204 3641 1281 3731 qni·

171 3742 236 3831 bns
255 3765 410 3812 mensura
426 3756 569 3836 propter
592 3754 768 3817 accentum
787 3747 945 3838 neglecta
966 3756 1068 3831 esset,
1103 3743 1228 3818 deinde
1244 3753 1283 3813 ut

170 3843 345 3937 legitimae
367 3849 559 3917 manserunt
577 3858 678 3939 atque
697 3849 731 3916 iu
752 3850 887 3939 epicum
912 3870 1100 3918 sermonem
1121 3857 1282 3938 receptae

171 3955 256 4017 sunt.
307 3948 362 4019 De
375 3947 428 4017 his
449 3949 484 4018 in
505 3951 594 4019 libro
616 3952 727 4042 primo
750 3952 795 4019 de
808 3954 922 4021 metris
935 3962 1114 4042 poetarum
1126 3949 1281 4073 Graeco·

172 4072 246 4118 rum
268 4061 303 4119 et
322 4051 553 4122 Romanorum
578 4055 783 4144 explicatum
802 4064 860 4124 est.
911 4055 1060 4140 Eadem,
1094 4077 1183 4144 quae
1208 4063 1281 4123 tum

94 4234 97 4239 ¹
170 4152 236 4220 fuit
252 4153 405 4224 Graecae
423 4155 560 4248 linguae
579 4157 682 4242 ratio,
706 4180 795 4229 nunc
812 4158 1033 4229 Germanicae
1049 4165 1108 4226 est.
1158 4156 1281 4247 Sequi-

173 4278 248 4326 mur
268 4257 356 4326 enim
377 4259 449 4328 lere
469 4268 647 4330 accentum
672 4263 773 4331 etiam
793 4262 827 4332 in
851 4263 964 4356 poesi:
1002 4261 1063 4331 sed
1089 4261 1200 4332 veniet
1219 4259 1281 4330 ali-
