2826 4904
414 296 426 338 ³
461 324 932 391 ιιιιιιιιιιιιιιιιι.
983 322 995 345 ·
1185 334 1249 399 ιιι

138 501 395 590 interpretantur
417 492 512 571 ιαπιῖ
530 493 577 571 τό
601 494 761 574 όπιιιιόν.
813 499 920 569 Poeta
938 495 1009 568 hoc
1027 499 1125 586 dicit,
1150 503 1249 594 oqui

124 603 201 670 'hic
228 603 264 669 ιἰι
295 607 481 692 conspecto
507 608 625 669 nostro
652 600 826 694 splendeo.
883 602 1019 671 Eodem
1053 603 1105 670 illi
1135 626 1249 674 errore

140 704 255 795 decipi
270 727 307 772 se
320 703 411 795 passi
431 705 530 801 suut
520 727 555 771 ιιι
569 701 706 795 Oedipo
724 706 869 799 Reges.
885 703 999 774 losa.

260 841 395 945 εἴπερ
417 834 486 960 typi
496 834 629 933 μόνιις
649 839 744 933 εἰμι’,

290 941 349 1013 ιιαὶ
372 935 468 1015 soro?
490 940 633 1041 γνώμην
652 945 765 1040 ἴδρις,
896 952 899 959 ’

139 1075 184 1144 ad
206 1098 308 1166 quem
328 1078 443 1146 locum
467 1077 726 1169 adscripserunt.
764 1079 955 1201 ἔμπειρος
952 1071 1047 1151 noro?
1068 1071 1135 1168 ιῆν
1153 1071 1248 1172 γνό-

138 1205 233 1274 μην,
260 1175 421 1261 σιινιιόι·
447 1174 647 1254 sandomir
669 1182 854 1278 ἔμπειρος,
881 1174 1069 1277 φρόνιμος.
1120 1179 1249 1252 Athon

136 1292 245 1371 poeta
263 1282 331 1349 siue
352 1283 518 1373 particula
536 1277 679 1382 γνώμην
704 1285 795 1395 ἴδρις
810 1283 957 1355 dicturus
976 1283 1100 1352 fuisset.
1149 1284 1249 1352 Nemo

138 1382 212 1452 hoe
237 1384 334 1453 dicit.
358 1386 391 1454 ai
411 1393 716 1478 cgnomentum,
749 1393 784 1455 et
802 1409 847 1457 ex
868 1386 979 1456 animi
997 1385 1185 1473 sententio,
1210 1386 1248 1455 id

141 1493 207 1571 est,
232 1496 394 1576 quantum
417 1488 535 1580 cupio,
565 1488 775 1582 intelligens.

239 1623 318 1692 Non
339 1625 470 1694 diversa
492 1633 542 1694 est
557 1626 663 1694 omnis
684 1626 891 1717 passivorum
903 1623 1083 1692 verborum
1098 1645 1249 1696 cumac-

140 1727 287 1795 cusativo
300 1729 521 1814 constructio,
547 1751 692 1818 quorum
707 1729 816 1796 activa
833 1749 911 1793 eum
932 1749 1048 1795 casum
1062 1727 1248 1816 requirunt.

137 1836 178 1895 ut
192 1822 402 1925 πλήιιοιιαι
416 1825 523 1903 πόδα
573 1830 663 1898 Nam
681 1830 760 1919 quia
777 1829 899 1897 dicitur
917 1821 1060 1922 πλῆτιω
1082 1855 1122 1903 σι
1137 1823 1246 1918 πόδα,

137 1931 279 1998 mixtum
301 1954 343 2000 ex
366 1932 438 2017 his,
467 1926 610 2025 πληιιω
633 1957 695 2021 oa,
730 1939 764 1999 et
784 1923 928 2028 πλήιιοι
952 1923 1048 2003 πόδα
1068 1929 1153 2021 σοῦ’,
1180 1931 1248 2002 dici

138 2043 298 2123 coeptum
320 2042 369 2103 est
391 2035 492 2102 etiam
513 2029 721 2131 πλήιιομαι
741 2029 860 2123 πόδα,
899 2032 995 2123 quod
1023 2035 1248 2124 compositum

137 2145 188 2202 est
213 2158 253 2204 ex
270 2135 342 2222 his,
368 2131 593 2257 πλήτιομαι,
620 2146 653 2205 et
678 2131 829 2231 πλήττει
854 2163 910 2214 τις
932 2129 1028 2206 πόδα
1048 2136 1144 2225 poti,
1178 2137 1247 2205 sive

134 2231 236 2308 πόδα
255 2232 544 2333 πληττόμενον
524 2265 602 2326 ιχω.
653 2239 773 2324 Neque
795 2237 860 2302 alia
881 2236 967 2302 ratio
998 2244 1048 2301 est
1067 2238 1247 2304 verborum

134 2346 349 2427 neutrorum,
376 2348 433 2404 aut
456 2361 605 2457 ⁶⁰¹¹im’.
616 2361 704 2427 quae
726 2337 819 2405 aliud
843 2345 1016 2427 praeterea
1037 2359 1160 2405 nomeu
1184 2338 1247 2407 ad-

138 2441 249 2508 ditum
272 2439 415 2536 babent:
447 2449 484 2508 ut
507 2434 625 2535 οἷκμήν
648 2445 866 2535 φιλοσοφεις.
916 2439 1120 2529 Xenophon.
1138 2443 1247 2510 Anab.

135 2543 197 2610 lv.
224 2542 266 2627 3,
293 2541 353 2610 26.
384 2542 444 2613 ιιαὶ
466 2536 516 2615 τοι
535 2543 604 2635 μὲν
631 2537 834 2639 σκευοφόρα
853 2541 927 2614 τοῖν
945 2536 1127 2639 Ἑλλήνων
1146 2544 1206 2616 ιιαὶ
1222 2541 1314 2617 o‘mo

139 2644 242 2736 ὄχλος
254 2639 372 2740 dupio
388 2646 557 2738 διέβαινε.
607 2643 801 2735 Sophocles
824 2645 940 2736 Antig.
957 2639 1018 2711 95.

291 2774 405 2877 αρχήν
422 2781 459 2852 δι’
475 2778 594 2878 δηρόν
607 2778 651 2853 oo'
672 2782 800 2879 πρέπει
812 2774 1016 2879 τάμήχανα

138 2917 282 3002 Quae
257 2940 285 2986 ιι
297 2914 441 3008 proprie
462 2915 606 2985 dicenda
619 2917 823 3002 fuissent,
799 2939 846 2986 ιιι
859 2916 1051 2986 debuissent
1063 2919 1246 3015 enunciari.

139 3014 257 3116 ιῖιιμην
272 3016 344 3108 εἶχε
365 3018 581 3110 διαβαίνωνι
608 3047 651 3093 oo
643 3017 794 3117 πρέπει
810 3015 932 3092 οὐδὲ
908 3012 1022 3115 αρχῆν
1037 3026 1155 3093 ποιιΐι
1169 3008 1245 3117 δη-

136 3123 260 3240 peiora
283 3149 329 3193 ια
349 3115 528 3216 αμήχανα.
578 3122 651 3189 Sed
671 3125 732 3189 ista
750 3123 785 3188 in
805 3122 953 3190 dicendo
976 3123 1119 3189 brevitas
1139 3124 1186 3188 ita
1209 3145 1246 3189 se
1292 3210 1295 3219 ,

136 3224 172 3289 in
196 3224 406 3292 Graecorum
432 3245 620 3290 sermonem
646 3224 822 3312 paullatim
841 3223 1036 3306 insinuavit,
1079 3231 1117 3289 ut
1143 3244 1245 3288 nemo

137 3324 283 3411 deinde,
309 3325 361 3392 his
380 3325 532 3391 formulis
554 3333 669 3409 utens,
696 3325 786 3391 uude
803 3333 897 3390 ortae
919 3330 1044 3406 esseut,
1070 3324 1244 3414 cogitaret.

137 3428 253 3512 Quare
267 3437 359 3496 recte
379 3426 515 3511 faciunt,
540 3427 599 3514 qui
612 3421 729 3520 αἰιμῆα
750 3447 856 3517 quum
876 3425 1049 3510 maxime,
1075 3434 1109 3494 et
1130 3421 1244 3523 οἷρχήν

137 3532 275 3599 omnino
296 3530 486 3621 significare
505 3528 637 3614 dicunt,
663 3527 769 3596 modo
787 3552 829 3596 ne
846 3529 1096 3615 obliviscantur,
1116 3531 1143 3598 si
1158 3551 1244 3618 opus

137 3641 205 3719 est,
230 3656 345 3701 veram
358 3632 481 3699 harum
496 3632 705 3705 locutionum
719 3632 885 3724 originem
896 3631 1054 3700 indicare.

112 3828 120 3843 .
237 3767 349 3836 Vnam
362 3768 477 3837 adhuc
491 3769 630 3837 classem
646 3770 878 3859 exemplorum
894 3769 1124 3850 consectabor,
1148 3765 1243 3854 quod

137 3893 179 3937 ea
192 3872 310 3959 paullo
323 3872 455 3940 videtur
473 3872 666 3960 impeditior
680 3893 767 3938 esse:
789 3871 878 3941 haec
890 3870 986 3956 dico,
1011 3872 1046 3937 in
1062 3869 1187 3958 quibus·
1205 3865 1242 3956 ὅ,

136 3969 184 4061 δι’,
210 3968 276 4063 τό,
303 3974 442 4055 ταῦτα,
467 3995 532 4063 pro
553 3969 605 4044 δι’
630 3969 671 4053 ὅ,
698 3969 749 4046 δι’
771 3971 819 4065 oi,
846 3968 1053 4059 διοίιοιῖιο,
1080 3965 1241 4043 dadraei·

136 4101 207 4160 πα,
241 4085 276 4143 et
303 4076 451 4143 similiter
472 4077 574 4143 etiam
602 4071 714 4170 ἅπερ,
739 4071 826 4162 ότι,
853 4068 1000 4170 οἷοίπερ,
1029 4066 1090 4144 οἷό
1115 4100 1156 4143 τι
1173 4073 1241 4143 dici

134 4186 272 4267 putant:
309 4201 341 4245 v.
363 4202 400 4270 p.
423 4172 509 4245 675.
537 4175 623 4244 676.
648 4173 736 4246 678.
793 4178 840 4246 Et
861 4199 940 4245 saue
959 4175 1163 4265 pronomina
1178 4170 1260 4244 istass

135 4281 339 4371 plerumque
358 4280 592 4351 adverbiorum
617 4278 698 4351 loco
719 4287 809 4365 sunt,
842 4279 902 4348 eod
925 4279 1118 4368 quaerenti,
1151 4303 1239 4370 quo·
