<?xml version="1.0" encoding="UTF-8"?>
<!DOCTYPE html PUBLIC "-//W3C//DTD XHTML 1.0 Transitional//EN"
    "http://www.w3.org/TR/xhtml1/DTD/xhtml1-transitional.dtd">
<html xmlns="http://www.w3.org/1999/xhtml" xml:lang="en" lang="en">
 <head>
  <title>
</title>
<meta http-equiv="Content-Type" content="text/html;charset=utf-8" />
  <meta name='ocr-system' content='tesseract 3.04.00' />
  <meta name='ocr-capabilities' content='ocr_page ocr_carea ocr_par ocr_line ocrx_word'/>
</head>
<body>
  <div class='ocr_page' id='page_1' title='image "./opuscula02hermgoog/opuscula02hermgoog_0130.png"; bbox 0 0 2826 4904; ppageno 0'>
   <div class='ocr_carea' id='block_1_1' title="bbox 287 307 1268 373">
    <p class='ocr_par' dir='ltr' id='par_1_1' title="bbox 287 307 1268 373">
     <span class='ocr_line' id='line_1_1' title="bbox 287 307 1268 373; baseline 0.007 -6"><span class='ocrx_word' id='word_1_1' title='bbox 287 307 468 368; x_wconf 74' lang='lat' dir='ltr'><strong>PROSAE</strong></span> <span class='ocrx_word' id='word_1_2' title='bbox 496 308 552 371; x_wconf 81' lang='grc' dir='ltr'><strong>ΕΤ</strong></span> <span class='ocrx_word' id='word_1_3' title='bbox 581 308 816 370; x_wconf 77' lang='lat' dir='ltr'><strong>Pourrclu</strong></span> <span class='ocrx_word' id='word_1_4' title='bbox 845 308 1118 369; x_wconf 72' lang='lat' dir='ltr'><strong>oflnrrouls</strong></span> <span class='ocrx_word' id='word_1_5' title='bbox 1206 311 1268 373; x_wconf 86' lang='lat' dir='ltr'><strong>llo</strong></span> 
     </span>
    </p>
   </div>
   <div class='ocr_carea' id='block_1_2' title="bbox 122 481 1346 4370">
    <p class='ocr_par' dir='ltr' id='par_1_2' title="bbox 122 481 1346 3341">
     <span class='ocr_line' id='line_1_2' title="bbox 158 481 1267 572; baseline 0.002 -26"><span class='ocrx_word' id='word_1_6' title='bbox 158 481 247 546; x_wconf 89' lang='lat' dir='ltr'><strong>enim</strong></span> <span class='ocrx_word' id='word_1_7' title='bbox 266 501 334 546; x_wconf 92' lang='lat' dir='ltr'><strong>non</strong></span> <span class='ocrx_word' id='word_1_8' title='bbox 354 488 403 547; x_wconf 86' lang='lat' dir='ltr'><strong>est</strong></span> <span class='ocrx_word' id='word_1_9' title='bbox 419 481 575 547; x_wconf 88' lang='lat' dir='ltr'><strong>naturalis</strong></span> <span class='ocrx_word' id='word_1_10' title='bbox 599 501 680 566; x_wconf 87' lang='lat' dir='ltr'><strong>vox,</strong></span> <span class='ocrx_word' id='word_1_11' title='bbox 706 482 765 549; x_wconf 88' lang='lat' dir='ltr'><strong>sed</strong></span> <span class='ocrx_word' id='word_1_12' title='bbox 780 491 850 548; x_wconf 89' lang='lat' dir='ltr'><strong>arte</strong></span> <span class='ocrx_word' id='word_1_13' title='bbox 865 481 1071 572; x_wconf 88' lang='lat' dir='ltr'><strong>composita,</strong></span> <span class='ocrx_word' id='word_1_14' title='bbox 1096 503 1207 569; x_wconf 90' lang='lat' dir='ltr'><strong>neque</strong></span> <span class='ocrx_word' id='word_1_15' title='bbox 1221 481 1267 548; x_wconf 89' lang='lat' dir='ltr'><strong>ad</strong></span> 
     </span>
     <span class='ocr_line' id='line_1_3' title="bbox 156 582 1266 675; baseline 0.002 -25"><span class='ocrx_word' id='word_1_16' title='bbox 156 606 210 650; x_wconf 88' lang='lat' dir='ltr'><strong>res</strong></span> <span class='ocrx_word' id='word_1_17' title='bbox 223 582 475 674; x_wconf 74' lang='lat' dir='ltr'><strong>significandas,</strong></span> <span class='ocrx_word' id='word_1_18' title='bbox 502 582 562 650; x_wconf 92' lang='lat' dir='ltr'><strong>sed</strong></span> <span class='ocrx_word' id='word_1_19' title='bbox 579 583 623 650; x_wconf 87' lang='lat' dir='ltr'><strong>ad</strong></span> <span class='ocrx_word' id='word_1_20' title='bbox 637 584 894 675; x_wconf 89' lang='lat' dir='ltr'><strong>pulcritudinem</strong></span> <span class='ocrx_word' id='word_1_21' title='bbox 914 585 1132 667; x_wconf 80' lang='lat' dir='ltr'><strong>conformata,</strong></span> <span class='ocrx_word' id='word_1_22' title='bbox 1156 605 1266 671; x_wconf 91' lang='lat' dir='ltr'><strong>neque</strong></span> 
     </span>
     <span class='ocr_line' id='line_1_4' title="bbox 155 685 1265 777; baseline 0.002 -26"><span class='ocrx_word' id='word_1_23' title='bbox 155 686 201 752; x_wconf 88' lang='lat' dir='ltr'><strong>ad</strong></span> <span class='ocrx_word' id='word_1_24' title='bbox 213 685 352 775; x_wconf 85' lang='lat' dir='ltr'><strong>negotia</strong></span> <span class='ocrx_word' id='word_1_25' title='bbox 364 687 533 774; x_wconf 81' lang='lat' dir='ltr'><strong>vitamque</strong></span> <span class='ocrx_word' id='word_1_26' title='bbox 554 695 649 775; x_wconf 91' lang='lat' dir='ltr'><strong>apta,</strong></span> <span class='ocrx_word' id='word_1_27' title='bbox 676 687 735 754; x_wconf 92' lang='lat' dir='ltr'><strong>sed</strong></span> <span class='ocrx_word' id='word_1_28' title='bbox 753 687 788 753; x_wconf 92' lang='lat' dir='ltr'><strong>in</strong></span> <span class='ocrx_word' id='word_1_29' title='bbox 810 689 882 755; x_wconf 89' lang='lat' dir='ltr'><strong>lusu</strong></span> <span class='ocrx_word' id='word_1_30' title='bbox 903 689 1023 777; x_wconf 87' lang='lat' dir='ltr'><strong>posita.</strong></span> <span class='ocrx_word' id='word_1_31' title='bbox 1076 686 1192 770; x_wconf 80' lang='lat' dir='ltr'><strong>Quare</strong></span> <span class='ocrx_word' id='word_1_32' title='bbox 1207 687 1265 773; x_wconf 91' lang='lat' dir='ltr'><strong>qui</strong></span> 
     </span>
     <span class='ocr_line' id='line_1_5' title="bbox 153 787 1295 881; baseline 0.005 -27"><span class='ocrx_word' id='word_1_33' title='bbox 153 799 255 855; x_wconf 90' lang='lat' dir='ltr'><strong>cantu</strong></span> <span class='ocrx_word' id='word_1_34' title='bbox 277 797 425 856; x_wconf 89' lang='lat' dir='ltr'><strong>uteretur</strong></span> <span class='ocrx_word' id='word_1_35' title='bbox 447 789 491 856; x_wconf 92' lang='lat' dir='ltr'><strong>ad</strong></span> <span class='ocrx_word' id='word_1_36' title='bbox 512 787 604 856; x_wconf 90' lang='lat' dir='ltr'><strong>hunc</strong></span> <span class='ocrx_word' id='word_1_37' title='bbox 625 789 744 874; x_wconf 88' lang='lat' dir='ltr'><strong>finem,</strong></span> <span class='ocrx_word' id='word_1_38' title='bbox 783 800 820 857; x_wconf 91' lang='lat' dir='ltr'><strong>ut</strong></span> <span class='ocrx_word' id='word_1_39' title='bbox 843 789 993 881; x_wconf 85' lang='lat' dir='ltr'><strong>cogitata</strong></span> <span class='ocrx_word' id='word_1_40' title='bbox 1012 813 1072 861; x_wconf 89' lang='lat' dir='ltr'><strong>sua</strong></span> <span class='ocrx_word' id='word_1_41' title='bbox 1092 789 1164 856; x_wconf 86' lang='lat' dir='ltr'><strong>aliis</strong></span> <span class='ocrx_word' id='word_1_42' title='bbox 1185 798 1295 860; x_wconf 65' lang='lat' dir='ltr'><strong>notat</strong></span> 
     </span>
     <span class='ocr_line' id='line_1_6' title="bbox 152 890 1263 976; baseline 0.001 -18"><span class='ocrx_word' id='word_1_43' title='bbox 152 890 329 975; x_wconf 90' lang='lat' dir='ltr'><strong>redderet,</strong></span> <span class='ocrx_word' id='word_1_44' title='bbox 361 891 389 957; x_wconf 88' lang='lat' dir='ltr'><strong>is</strong></span> <span class='ocrx_word' id='word_1_45' title='bbox 413 912 482 958; x_wconf 91' lang='lat' dir='ltr'><strong>non</strong></span> <span class='ocrx_word' id='word_1_46' title='bbox 507 891 615 958; x_wconf 90' lang='lat' dir='ltr'><strong>solum</strong></span> <span class='ocrx_word' id='word_1_47' title='bbox 639 892 782 960; x_wconf 88' lang='lat' dir='ltr'><strong>alienum</strong></span> <span class='ocrx_word' id='word_1_48' title='bbox 808 892 985 961; x_wconf 89' lang='lat' dir='ltr'><strong>adhiberet</strong></span> <span class='ocrx_word' id='word_1_49' title='bbox 1015 892 1263 976; x_wconf 87' lang='lat' dir='ltr'><strong>adminiculum,</strong></span> 
     </span>
     <span class='ocr_line' id='line_1_7' title="bbox 151 993 1263 1085; baseline 0.001 -25"><span class='ocrx_word' id='word_1_50' title='bbox 151 993 283 1083; x_wconf 85' lang='lat' dir='ltr'>quippe</span> <span class='ocrx_word' id='word_1_51' title='bbox 308 993 402 1081; x_wconf 93' lang='lat' dir='ltr'><strong>quod</strong></span> <span class='ocrx_word' id='word_1_52' title='bbox 427 1017 448 1060; x_wconf 88' lang='lat' dir='ltr'><strong>a</strong></span> <span class='ocrx_word' id='word_1_53' title='bbox 467 995 658 1085; x_wconf 79' lang='lat' dir='ltr'><strong>cognitione</strong></span> <span class='ocrx_word' id='word_1_54' title='bbox 686 1017 799 1062; x_wconf 90' lang='lat' dir='ltr'><strong>rerum</strong></span> <span class='ocrx_word' id='word_1_55' title='bbox 823 993 868 1061; x_wconf 91' lang='lat' dir='ltr'><strong>ad</strong></span> <span class='ocrx_word' id='word_1_56' title='bbox 886 1019 1017 1063; x_wconf 86' lang='lat' dir='ltr'><strong>sensum</strong></span> <span class='ocrx_word' id='word_1_57' title='bbox 1031 995 1263 1085; x_wconf 81' lang='lat' dir='ltr'><strong>pulcritudinis</strong></span> 
     </span>
     <span class='ocr_line' id='line_1_8' title="bbox 153 1097 1262 1188; baseline 0.001 -25"><span class='ocrx_word' id='word_1_58' title='bbox 153 1106 311 1166; x_wconf 86' lang='lat' dir='ltr'><strong>avocaret</strong></span> <span class='ocrx_word' id='word_1_59' title='bbox 327 1097 471 1184; x_wconf 89' lang='lat' dir='ltr'><strong>animos,</strong></span> <span class='ocrx_word' id='word_1_60' title='bbox 496 1097 556 1164; x_wconf 87' lang='lat' dir='ltr'><strong>sed</strong></span> <span class='ocrx_word' id='word_1_61' title='bbox 573 1098 672 1163; x_wconf 91' lang='lat' dir='ltr'><strong>etiam</strong></span> <span class='ocrx_word' id='word_1_62' title='bbox 693 1120 753 1175; x_wconf 86' lang='lat' dir='ltr'><strong>suo</strong></span> <span class='ocrx_word' id='word_1_63' title='bbox 776 1098 878 1187; x_wconf 87' lang='lat' dir='ltr'><strong>ipsius</strong></span> <span class='ocrx_word' id='word_1_64' title='bbox 893 1098 1030 1166; x_wconf 86' lang='lat' dir='ltr'><strong>consilio</strong></span> <span class='ocrx_word' id='word_1_65' title='bbox 1048 1107 1262 1188; x_wconf 76' lang='lat' dir='ltr'><strong>repugnaret,</strong></span> 
     </span>
     <span class='ocr_line' id='line_1_9' title="bbox 151 1198 1262 1289; baseline 0 -23"><span class='ocrx_word' id='word_1_66' title='bbox 151 1199 211 1289; x_wconf 92' lang='lat' dir='ltr'><strong>qui</strong></span> <span class='ocrx_word' id='word_1_67' title='bbox 233 1222 306 1266; x_wconf 89' lang='lat' dir='ltr'><strong>rem</strong></span> <span class='ocrx_word' id='word_1_68' title='bbox 333 1200 452 1267; x_wconf 83' lang='lat' dir='ltr'><strong>seriam</strong></span> <span class='ocrx_word' id='word_1_69' title='bbox 465 1201 500 1266; x_wconf 89' lang='lat' dir='ltr'><strong>in</strong></span> <span class='ocrx_word' id='word_1_70' title='bbox 519 1198 657 1285; x_wconf 90' lang='lat' dir='ltr'><strong>ludum,</strong></span> <span class='ocrx_word' id='word_1_71' title='bbox 682 1201 855 1268; x_wconf 87' lang='lat' dir='ltr'><strong>veritatem</strong></span> <span class='ocrx_word' id='word_1_72' title='bbox 868 1203 903 1268; x_wconf 90' lang='lat' dir='ltr'><strong>in</strong></span> <span class='ocrx_word' id='word_1_73' title='bbox 917 1200 1185 1284; x_wconf 90' lang='lat' dir='ltr'><strong>oblectationem,</strong></span> <span class='ocrx_word' id='word_1_74' title='bbox 1211 1200 1262 1266; x_wconf 50' lang='lat' dir='ltr'><strong>vi*</strong></span> 
     </span>
     <span class='ocr_line' id='line_1_10' title="bbox 149 1300 1264 1393; baseline 0 -24"><span class='ocrx_word' id='word_1_75' title='bbox 149 1300 206 1369; x_wconf 81' lang='lat' dir='ltr'><strong>tae</strong></span> <span class='ocrx_word' id='word_1_76' title='bbox 225 1301 363 1392; x_wconf 86' lang='lat' dir='ltr'><strong>negotia</strong></span> <span class='ocrx_word' id='word_1_77' title='bbox 380 1303 416 1370; x_wconf 94' lang='lat' dir='ltr'><strong>in</strong></span> <span class='ocrx_word' id='word_1_78' title='bbox 437 1305 576 1369; x_wconf 90' lang='lat' dir='ltr'><strong>otiosam</strong></span> <span class='ocrx_word' id='word_1_79' title='bbox 600 1303 916 1393; x_wconf 86' lang='lat' dir='ltr'><strong>contemplationem</strong></span> <span class='ocrx_word' id='word_1_80' title='bbox 939 1312 1088 1371; x_wconf 85' lang='lat' dir='ltr'><strong>verteret</strong></span> <span class='ocrx_word' id='word_1_81' title='bbox 1141 1302 1264 1371; x_wconf 90' lang='lat' dir='ltr'><strong>Similis</strong></span> 
     </span>
     <span class='ocr_line' id='line_1_11' title="bbox 151 1406 1262 1496; baseline 0 -24"><span class='ocrx_word' id='word_1_82' title='bbox 151 1413 201 1472; x_wconf 88' lang='lat' dir='ltr'><strong>est</strong></span> <span class='ocrx_word' id='word_1_83' title='bbox 219 1427 362 1496; x_wconf 87' lang='lat' dir='ltr'><strong>poeseos</strong></span> <span class='ocrx_word' id='word_1_84' title='bbox 382 1406 452 1474; x_wconf 88' lang='lat' dir='ltr'><strong>sine</strong></span> <span class='ocrx_word' id='word_1_85' title='bbox 472 1415 572 1473; x_wconf 86' lang='lat' dir='ltr'><strong>cantu</strong></span> <span class='ocrx_word' id='word_1_86' title='bbox 597 1406 756 1474; x_wconf 82' lang='lat' dir='ltr'><strong>recitatae</strong></span> <span class='ocrx_word' id='word_1_87' title='bbox 778 1409 873 1474; x_wconf 92' lang='lat' dir='ltr'><strong>ratio.</strong></span> <span class='ocrx_word' id='word_1_88' title='bbox 924 1406 1139 1494; x_wconf 78' lang='lat' dir='ltr'><strong>Quamquam</strong></span> <span class='ocrx_word' id='word_1_89' title='bbox 1161 1407 1262 1489; x_wconf 90' lang='lat' dir='ltr'><strong>enim,</strong></span> 
     </span>
     <span class='ocr_line' id='line_1_12' title="bbox 149 1508 1262 1602; baseline 0.002 -28"><span class='ocrx_word' id='word_1_90' title='bbox 149 1508 177 1574; x_wconf 90' lang='lat' dir='ltr'><strong>si</strong></span> <span class='ocrx_word' id='word_1_91' title='bbox 203 1509 402 1593; x_wconf 86' lang='lat' dir='ltr'><strong>sententiae,</strong></span> <span class='ocrx_word' id='word_1_92' title='bbox 437 1510 464 1575; x_wconf 91' lang='lat' dir='ltr'><strong>si</strong></span> <span class='ocrx_word' id='word_1_93' title='bbox 493 1508 597 1577; x_wconf 85' lang='lat' dir='ltr'><strong>dictio</strong></span> <span class='ocrx_word' id='word_1_94' title='bbox 616 1509 692 1576; x_wconf 84' lang='lat' dir='ltr'><strong>satis</strong></span> <span class='ocrx_word' id='word_1_95' title='bbox 719 1509 764 1576; x_wconf 93' lang='lat' dir='ltr'><strong>ad</strong></span> <span class='ocrx_word' id='word_1_96' title='bbox 788 1509 1047 1602; x_wconf 73' lang='lat' dir='ltr'><strong>pulcritudinem</strong></span> <span class='ocrx_word' id='word_1_97' title='bbox 1070 1509 1262 1577; x_wconf 85' lang='lat' dir='ltr'><strong>elaboratae</strong></span> 
     </span>
     <span class='ocr_line' id='line_1_13' title="bbox 147 1610 1261 1702; baseline -0.001 -24"><span class='ocrx_word' id='word_1_98' title='bbox 147 1620 242 1694; x_wconf 85' lang='lat' dir='ltr'><strong>sunt,</strong></span> <span class='ocrx_word' id='word_1_99' title='bbox 269 1619 382 1679; x_wconf 87' lang='lat' dir='ltr'><strong>cantus</strong></span> <span class='ocrx_word' id='word_1_100' title='bbox 407 1610 540 1679; x_wconf 84' lang='lat' dir='ltr'><strong>videtur</strong></span> <span class='ocrx_word' id='word_1_101' title='bbox 558 1612 664 1678; x_wconf 92' lang='lat' dir='ltr'><strong>omitti</strong></span> <span class='ocrx_word' id='word_1_102' title='bbox 683 1634 800 1702; x_wconf 90' lang='lat' dir='ltr'><strong>posse,</strong></span> <span class='ocrx_word' id='word_1_103' title='bbox 825 1612 1022 1701; x_wconf 90' lang='lat' dir='ltr'><strong>praesertim</strong></span> <span class='ocrx_word' id='word_1_104' title='bbox 1036 1634 1141 1699; x_wconf 90' lang='lat' dir='ltr'><strong>quum</strong></span> <span class='ocrx_word' id='word_1_105' title='bbox 1162 1612 1261 1678; x_wconf 90' lang='lat' dir='ltr'><strong>etiam</strong></span> 
     </span>
     <span class='ocr_line' id='line_1_14' title="bbox 146 1713 1332 1805; baseline -0.001 -26"><span class='ocrx_word' id='word_1_106' title='bbox 146 1713 182 1779; x_wconf 90' lang='lat' dir='ltr'><strong>in</strong></span> <span class='ocrx_word' id='word_1_107' title='bbox 200 1713 240 1780; x_wconf 93' lang='lat' dir='ltr'><strong>iis</strong></span> <span class='ocrx_word' id='word_1_108' title='bbox 261 1714 477 1797; x_wconf 75' lang='lat' dir='ltr'><strong>camlinibus,</strong></span> <span class='ocrx_word' id='word_1_109' title='bbox 508 1737 595 1803; x_wconf 87' lang='lat' dir='ltr'><strong>quae</strong></span> <span class='ocrx_word' id='word_1_110' title='bbox 616 1715 717 1783; x_wconf 85' lang='lat' dir='ltr'><strong>tacite</strong></span> <span class='ocrx_word' id='word_1_111' title='bbox 739 1716 905 1805; x_wconf 80' lang='lat' dir='ltr'><strong>legimus,</strong></span> <span class='ocrx_word' id='word_1_112' title='bbox 939 1714 1042 1780; x_wconf 88' lang='lat' dir='ltr'><strong>absit:</strong></span> <span class='ocrx_word' id='word_1_113' title='bbox 1075 1721 1124 1780; x_wconf 89' lang='lat' dir='ltr'><strong>est</strong></span> <span class='ocrx_word' id='word_1_114' title='bbox 1149 1721 1261 1781; x_wconf 80' lang='lat' dir='ltr'><strong>tamen</strong></span> <span class='ocrx_word' id='word_1_115' title='bbox 1330 1774 1332 1778; x_wconf 81' lang='grc'>,</span> 
     </span>
     <span class='ocr_line' id='line_1_15' title="bbox 146 1815 1260 1904; baseline 0.001 -22"><span class='ocrx_word' id='word_1_116' title='bbox 146 1815 314 1904; x_wconf 86' lang='lat' dir='ltr'><strong>quaedam</strong></span> <span class='ocrx_word' id='word_1_117' title='bbox 330 1838 399 1884; x_wconf 92' lang='lat' dir='ltr'><strong>non</strong></span> <span class='ocrx_word' id='word_1_118' title='bbox 413 1817 495 1884; x_wconf 86' lang='lat' dir='ltr'><strong>levis</strong></span> <span class='ocrx_word' id='word_1_119' title='bbox 515 1840 648 1901; x_wconf 86' lang='lat' dir='ltr'><strong>caussa,</strong></span> <span class='ocrx_word' id='word_1_120' title='bbox 674 1839 777 1904; x_wconf 90' lang='lat' dir='ltr'><strong>quare</strong></span> <span class='ocrx_word' id='word_1_121' title='bbox 795 1841 872 1884; x_wconf 92' lang='lat' dir='ltr'><strong>eum</strong></span> <span class='ocrx_word' id='word_1_122' title='bbox 887 1817 921 1883; x_wconf 94' lang='lat' dir='ltr'><strong>in</strong></span> <span class='ocrx_word' id='word_1_123' title='bbox 937 1817 1120 1884; x_wconf 89' lang='lat' dir='ltr'><strong>carminum</strong></span> <span class='ocrx_word' id='word_1_124' title='bbox 1138 1817 1260 1885; x_wconf 89' lang='lat' dir='ltr'><strong>recita·</strong></span> 
     </span>
     <span class='ocr_line' id='line_1_16' title="bbox 144 1918 1260 2011; baseline 0.002 -27"><span class='ocrx_word' id='word_1_125' title='bbox 144 1918 238 1986; x_wconf 86' lang='lat' dir='ltr'><strong>tione</strong></span> <span class='ocrx_word' id='word_1_126' title='bbox 260 1921 484 1988; x_wconf 88' lang='lat' dir='ltr'><strong>necessarium</strong></span> <span class='ocrx_word' id='word_1_127' title='bbox 505 1919 698 1988; x_wconf 90' lang='lat' dir='ltr'><strong>iudicemus.</strong></span> <span class='ocrx_word' id='word_1_128' title='bbox 758 1921 893 1990; x_wconf 90' lang='lat' dir='ltr'><strong>Etenim</strong></span> <span class='ocrx_word' id='word_1_129' title='bbox 922 1921 956 1986; x_wconf 96' lang='lat' dir='ltr'><strong>in</strong></span> <span class='ocrx_word' id='word_1_130' title='bbox 981 1920 1107 2011; x_wconf 88' lang='lat' dir='ltr'><strong>pulcris</strong></span> <span class='ocrx_word' id='word_1_131' title='bbox 1135 1921 1260 1987; x_wconf 87' lang='lat' dir='ltr'><strong>artibus</strong></span> 
     </span>
     <span class='ocr_line' id='line_1_17' title="bbox 143 2021 1340 2113; baseline 0.002 -25"><span class='ocrx_word' id='word_1_132' title='bbox 143 2021 277 2107; x_wconf 89' lang='lat' dir='ltr'><strong>omnia,</strong></span> <span class='ocrx_word' id='word_1_133' title='bbox 310 2045 398 2111; x_wconf 91' lang='lat' dir='ltr'><strong>quae</strong></span> <span class='ocrx_word' id='word_1_134' title='bbox 420 2032 534 2091; x_wconf 88' lang='lat' dir='ltr'><strong>carent</strong></span> <span class='ocrx_word' id='word_1_135' title='bbox 558 2022 799 2113; x_wconf 84' lang='lat' dir='ltr'><strong>pulcritudine,</strong></span> <span class='ocrx_word' id='word_1_136' title='bbox 835 2047 939 2113; x_wconf 90' lang='lat' dir='ltr'><strong>quum</strong></span> <span class='ocrx_word' id='word_1_137' title='bbox 967 2047 1043 2090; x_wconf 90' lang='lat' dir='ltr'><strong>eam</strong></span> <span class='ocrx_word' id='word_1_138' title='bbox 1073 2022 1259 2106; x_wconf 78' lang='lat' dir='ltr'><strong>admittant,</strong></span> <span class='ocrx_word' id='word_1_139' title='bbox 1336 2074 1340 2080; x_wconf 73' lang='grc'><strong>.</strong></span> 
     </span>
     <span class='ocr_line' id='line_1_18' title="bbox 142 2124 1260 2216; baseline -0.003 -23"><span class='ocrx_word' id='word_1_140' title='bbox 142 2146 213 2193; x_wconf 89' lang='lat' dir='ltr'><strong>uon</strong></span> <span class='ocrx_word' id='word_1_141' title='bbox 225 2126 337 2192; x_wconf 91' lang='lat' dir='ltr'><strong>solum</strong></span> <span class='ocrx_word' id='word_1_142' title='bbox 357 2147 426 2193; x_wconf 91' lang='lat' dir='ltr'><strong>non</strong></span> <span class='ocrx_word' id='word_1_143' title='bbox 441 2136 566 2216; x_wconf 87' lang='lat' dir='ltr'><strong>augent</strong></span> <span class='ocrx_word' id='word_1_144' title='bbox 579 2128 648 2193; x_wconf 85' lang='lat' dir='ltr'><strong>vim</strong></span> <span class='ocrx_word' id='word_1_145' title='bbox 669 2126 897 2215; x_wconf 87' lang='lat' dir='ltr'><strong>affectumque</strong></span> <span class='ocrx_word' id='word_1_146' title='bbox 911 2127 1064 2208; x_wconf 57' lang='lat' dir='ltr'><strong>artium,</strong></span> <span class='ocrx_word' id='word_1_147' title='bbox 1076 2125 1154 2209; x_wconf 89' lang='lat' dir='ltr'><strong>sed,</strong></span> <span class='ocrx_word' id='word_1_148' title='bbox 1180 2124 1260 2212; x_wconf 90' lang='lat' dir='ltr'><strong>quia</strong></span> 
     </span>
     <span class='ocr_line' id='line_1_19' title="bbox 122 2225 1259 2318; baseline 0.001 -26"><span class='ocrx_word' id='word_1_149' title='bbox 122 2226 340 2318; x_wconf 87' lang='lat' dir='ltr'><strong>&#39;pulcritudo</strong></span> <span class='ocrx_word' id='word_1_150' title='bbox 355 2227 578 2309; x_wconf 88' lang='lat' dir='ltr'><strong>desideratur,</strong></span> <span class='ocrx_word' id='word_1_151' title='bbox 603 2227 739 2294; x_wconf 89' lang='lat' dir='ltr'><strong>turbant</strong></span> <span class='ocrx_word' id='word_1_152' title='bbox 760 2250 839 2294; x_wconf 91' lang='lat' dir='ltr'><strong>eum</strong></span> <span class='ocrx_word' id='word_1_153' title='bbox 857 2236 957 2315; x_wconf 89' lang='lat' dir='ltr'><strong>atque</strong></span> <span class='ocrx_word' id='word_1_154' title='bbox 969 2225 1259 2314; x_wconf 82' lang='lat' dir='ltr'><strong>impediunt-lta-</strong></span> 
     </span>
     <span class='ocr_line' id='line_1_20' title="bbox 142 2326 1259 2418; baseline 0.001 -24"><span class='ocrx_word' id='word_1_155' title='bbox 142 2349 214 2416; x_wconf 91' lang='lat' dir='ltr'><strong>que</strong></span> <span class='ocrx_word' id='word_1_156' title='bbox 235 2326 523 2414; x_wconf 89' lang='lat' dir='ltr'><strong>quemadmodum</strong></span> <span class='ocrx_word' id='word_1_157' title='bbox 545 2329 674 2417; x_wconf 78' lang='lat' dir='ltr'><strong>poesiS,</strong></span> <span class='ocrx_word' id='word_1_158' title='bbox 708 2351 814 2416; x_wconf 89' lang='lat' dir='ltr'><strong>aqua</strong></span> <span class='ocrx_word' id='word_1_159' title='bbox 836 2337 980 2394; x_wconf 89' lang='lat' dir='ltr'><strong>metrum</strong></span> <span class='ocrx_word' id='word_1_160' title='bbox 1004 2328 1115 2412; x_wconf 89' lang='lat' dir='ltr'><strong>abest,</strong></span> <span class='ocrx_word' id='word_1_161' title='bbox 1147 2328 1259 2418; x_wconf 86' lang='lat' dir='ltr'><strong>poesis</strong></span> 
     </span>
     <span class='ocr_line' id='line_1_21' title="bbox 140 2429 1258 2522; baseline -0.002 -25"><span class='ocrx_word' id='word_1_162' title='bbox 140 2430 284 2522; x_wconf 90' lang='lat' dir='ltr'><strong>quidem</strong></span> <span class='ocrx_word' id='word_1_163' title='bbox 305 2440 374 2513; x_wconf 91' lang='lat' dir='ltr'><strong>est,</strong></span> <span class='ocrx_word' id='word_1_164' title='bbox 402 2429 462 2496; x_wconf 88' lang='lat' dir='ltr'><strong>sed</strong></span> <span class='ocrx_word' id='word_1_165' title='bbox 485 2429 592 2496; x_wconf 89' lang='lat' dir='ltr'><strong>minus</strong></span> <span class='ocrx_word' id='word_1_166' title='bbox 612 2429 783 2520; x_wconf 90' lang='lat' dir='ltr'><strong>perfecta,</strong></span> <span class='ocrx_word' id='word_1_167' title='bbox 812 2432 891 2518; x_wconf 92' lang='lat' dir='ltr'><strong>quia</strong></span> <span class='ocrx_word' id='word_1_168' title='bbox 905 2429 1164 2519; x_wconf 86' lang='lat' dir='ltr'><strong>pulcritudinem</strong></span> <span class='ocrx_word' id='word_1_169' title='bbox 1182 2453 1258 2497; x_wconf 87' lang='lat' dir='ltr'><strong>sen-</strong></span> 
     </span>
     <span class='ocr_line' id='line_1_22' title="bbox 139 2531 1258 2623; baseline 0 -22"><span class='ocrx_word' id='word_1_170' title='bbox 139 2533 319 2601; x_wconf 87' lang='lat' dir='ltr'><strong>tentiarum</strong></span> <span class='ocrx_word' id='word_1_171' title='bbox 344 2531 566 2619; x_wconf 90' lang='lat' dir='ltr'><strong>dictionisque</strong></span> <span class='ocrx_word' id='word_1_172' title='bbox 589 2532 752 2601; x_wconf 88' lang='lat' dir='ltr'><strong>detractio</strong></span> <span class='ocrx_word' id='word_1_173' title='bbox 779 2533 1012 2623; x_wconf 89' lang='lat' dir='ltr'><strong>pulcritudinis</strong></span> <span class='ocrx_word' id='word_1_174' title='bbox 1043 2536 1258 2601; x_wconf 84' lang='lat' dir='ltr'><strong>numerorum</strong></span> 
     </span>
     <span class='ocr_line' id='line_1_23' title="bbox 141 2633 1346 2723; baseline -0.003 -18"><span class='ocrx_word' id='word_1_175' title='bbox 141 2637 264 2721; x_wconf 88' lang='lat' dir='ltr'><strong>laedit,</strong></span> <span class='ocrx_word' id='word_1_176' title='bbox 304 2636 351 2703; x_wconf 87' lang='lat' dir='ltr'><strong>ita</strong></span> <span class='ocrx_word' id='word_1_177' title='bbox 387 2643 486 2704; x_wconf 88' lang='lat' dir='ltr'><strong>cautu</strong></span> <span class='ocrx_word' id='word_1_178' title='bbox 524 2636 647 2702; x_wconf 83' lang='lat' dir='ltr'><strong>omisso</strong></span> <span class='ocrx_word' id='word_1_179' title='bbox 679 2635 901 2703; x_wconf 86' lang='lat' dir='ltr'><strong>offensionem</strong></span> <span class='ocrx_word' id='word_1_180' title='bbox 930 2635 1010 2705; x_wconf 85' lang='lat' dir='ltr'><strong>facit</strong></span> <span class='ocrx_word' id='word_1_181' title='bbox 1029 2634 1118 2719; x_wconf 86' lang='lat' dir='ltr'><strong>hoc,</strong></span> <span class='ocrx_word' id='word_1_182' title='bbox 1151 2633 1256 2723; x_wconf 90' lang='lat' dir='ltr'><strong>quod,</strong></span> <span class='ocrx_word' id='word_1_183' title='bbox 1344 2649 1346 2654; x_wconf 68' lang='grc'><strong>“</strong></span> 
     </span>
     <span class='ocr_line' id='line_1_24' title="bbox 141 2736 1255 2829; baseline 0.002 -24"><span class='ocrx_word' id='word_1_184' title='bbox 141 2761 246 2827; x_wconf 92' lang='lat' dir='ltr'><strong>quum</strong></span> <span class='ocrx_word' id='word_1_185' title='bbox 280 2746 415 2807; x_wconf 86' lang='lat' dir='ltr'><strong>caetera</strong></span> <span class='ocrx_word' id='word_1_186' title='bbox 444 2738 506 2804; x_wconf 88' lang='lat' dir='ltr'><strong>sint</strong></span> <span class='ocrx_word' id='word_1_187' title='bbox 535 2736 581 2804; x_wconf 91' lang='lat' dir='ltr'><strong>ad</strong></span> <span class='ocrx_word' id='word_1_188' title='bbox 616 2738 849 2829; x_wconf 90' lang='lat' dir='ltr'><strong>pulcritudinis</strong></span> <span class='ocrx_word' id='word_1_189' title='bbox 874 2761 1004 2806; x_wconf 89' lang='lat' dir='ltr'><strong>sensum</strong></span> <span class='ocrx_word' id='word_1_190' title='bbox 1035 2739 1255 2823; x_wconf 83' lang='lat' dir='ltr'><strong>conformata,</strong></span> 
     </span>
     <span class='ocr_line' id='line_1_25' title="bbox 142 2840 1256 2933; baseline 0 -24"><span class='ocrx_word' id='word_1_191' title='bbox 142 2842 215 2909; x_wconf 88' lang='lat' dir='ltr'><strong>sola</strong></span> <span class='ocrx_word' id='word_1_192' title='bbox 236 2864 303 2908; x_wconf 83' lang='lat' dir='ltr'><strong>vox</strong></span> <span class='ocrx_word' id='word_1_193' title='bbox 327 2865 348 2907; x_wconf 93' lang='lat' dir='ltr'><strong>a</strong></span> <span class='ocrx_word' id='word_1_194' title='bbox 379 2842 447 2907; x_wconf 89' lang='lat' dir='ltr'><strong>fine</strong></span> <span class='ocrx_word' id='word_1_195' title='bbox 470 2862 613 2929; x_wconf 91' lang='lat' dir='ltr'><strong>poeseos</strong></span> <span class='ocrx_word' id='word_1_196' title='bbox 639 2840 791 2928; x_wconf 89' lang='lat' dir='ltr'><strong>recedat,</strong></span> <span class='ocrx_word' id='word_1_197' title='bbox 827 2851 861 2909; x_wconf 88' lang='lat' dir='ltr'><strong>et</strong></span> <span class='ocrx_word' id='word_1_198' title='bbox 888 2841 1116 2932; x_wconf 83' lang='lat' dir='ltr'><strong>cognitionem</strong></span> <span class='ocrx_word' id='word_1_199' title='bbox 1144 2842 1256 2933; x_wconf 83' lang='lat' dir='ltr'><strong>magis</strong></span> 
     </span>
     <span class='ocr_line' id='line_1_26' title="bbox 140 2943 1253 3035; baseline 0.001 -24"><span class='ocrx_word' id='word_1_200' title='bbox 140 2967 243 3033; x_wconf 91' lang='lat' dir='ltr'><strong>quam</strong></span> <span class='ocrx_word' id='word_1_201' title='bbox 269 2943 480 3032; x_wconf 86' lang='lat' dir='ltr'><strong>voluptatem</strong></span> <span class='ocrx_word' id='word_1_202' title='bbox 510 2966 627 3011; x_wconf 91' lang='lat' dir='ltr'><strong>curare</strong></span> <span class='ocrx_word' id='word_1_203' title='bbox 657 2945 817 3013; x_wconf 87' lang='lat' dir='ltr'><strong>videatur.</strong></span> <span class='ocrx_word' id='word_1_204' title='bbox 869 2944 938 3012; x_wconf 91' lang='lat' dir='ltr'><strong>Hic</strong></span> <span class='ocrx_word' id='word_1_205' title='bbox 961 2967 1097 3034; x_wconf 91' lang='lat' dir='ltr'><strong>quoque</strong></span> <span class='ocrx_word' id='word_1_206' title='bbox 1124 2946 1253 3035; x_wconf 82' lang='lat' dir='ltr'><strong>optima</strong></span> 
     </span>
     <span class='ocr_line' id='line_1_27' title="bbox 140 3046 1253 3119; baseline 0.001 -5"><span class='ocrx_word' id='word_1_207' title='bbox 140 3047 196 3117; x_wconf 85' lang='lat' dir='ltr'><strong>ad·</strong></span> <span class='ocrx_word' id='word_1_208' title='bbox 204 3046 375 3116; x_wconf 85' lang='lat' dir='ltr'><strong>veritatem</strong></span> <span class='ocrx_word' id='word_1_209' title='bbox 395 3046 463 3113; x_wconf 84' lang='lat' dir='ltr'><strong>dux</strong></span> <span class='ocrx_word' id='word_1_210' title='bbox 481 3055 598 3114; x_wconf 88' lang='lat' dir='ltr'><strong>natura</strong></span> <span class='ocrx_word' id='word_1_211' title='bbox 618 3056 675 3119; x_wconf 83' lang='lat' dir='ltr'><strong>est.</strong></span> <span class='ocrx_word' id='word_1_212' title='bbox 741 3047 817 3115; x_wconf 89' lang='lat' dir='ltr'><strong>Vna</strong></span> <span class='ocrx_word' id='word_1_213' title='bbox 840 3048 928 3114; x_wconf 89' lang='lat' dir='ltr'><strong>enim</strong></span> <span class='ocrx_word' id='word_1_214' title='bbox 950 3069 1029 3116; x_wconf 86' lang='lat' dir='ltr'><strong>curn</strong></span> <span class='ocrx_word' id='word_1_215' title='bbox 1057 3056 1157 3114; x_wconf 90' lang='lat' dir='ltr'><strong>cantu</strong></span> <span class='ocrx_word' id='word_1_216' title='bbox 1178 3057 1253 3115; x_wconf 80' lang='lat' dir='ltr'><strong>orta</strong></span> 
     </span>
     <span class='ocr_line' id='line_1_28' title="bbox 139 3149 1251 3242; baseline 0 -26"><span class='ocrx_word' id='word_1_217' title='bbox 139 3151 268 3242; x_wconf 90' lang='lat' dir='ltr'><strong>poesis,-</strong></span> <span class='ocrx_word' id='word_1_218' title='bbox 294 3158 510 3236; x_wconf 86' lang='lat' dir='ltr'><strong>cantoresque</strong></span> <span class='ocrx_word' id='word_1_219' title='bbox 529 3151 611 3217; x_wconf 90' lang='lat' dir='ltr'><strong>dicti</strong></span> <span class='ocrx_word' id='word_1_220' title='bbox 633 3151 804 3239; x_wconf 89' lang='lat' dir='ltr'><strong>primitus,</strong></span> <span class='ocrx_word' id='word_1_221' title='bbox 830 3151 889 3237; x_wconf 94' lang='lat' dir='ltr'><strong>qui</strong></span> <span class='ocrx_word' id='word_1_222' title='bbox 904 3159 1040 3239; x_wconf 91' lang='lat' dir='ltr'><strong>postea,</strong></span> <span class='ocrx_word' id='word_1_223' title='bbox 1066 3149 1178 3216; x_wconf 86' lang='lat' dir='ltr'><strong>divisis</strong></span> <span class='ocrx_word' id='word_1_224' title='bbox 1196 3172 1251 3216; x_wconf 80' lang='lat' dir='ltr'><strong>ar-</strong></span> 
     </span>
     <span class='ocr_line' id='line_1_29' title="bbox 138 3252 1027 3341; baseline -0.006 -21"><span class='ocrx_word' id='word_1_225' title='bbox 138 3254 224 3322; x_wconf 87' lang='lat' dir='ltr'><strong>tium</strong></span> <span class='ocrx_word' id='word_1_226' title='bbox 239 3252 377 3336; x_wconf 89' lang='lat' dir='ltr'><strong>officiis,</strong></span> <span class='ocrx_word' id='word_1_227' title='bbox 403 3252 654 3319; x_wconf 88' lang='lat' dir='ltr'><strong>discriminatim</strong></span> <span class='ocrx_word' id='word_1_228' title='bbox 670 3260 795 3341; x_wconf 87' lang='lat' dir='ltr'><strong>poetae</strong></span> <span class='ocrx_word' id='word_1_229' title='bbox 812 3254 1027 3319; x_wconf 89' lang='lat' dir='ltr'><strong>vocabantur.</strong></span> 
     </span>
    </p>

    <p class='ocr_par' dir='ltr' id='par_1_3' title="bbox 133 3351 1326 4370">
     <span class='ocr_line' id='line_1_30' title="bbox 241 3351 1249 3442; baseline -0.002 -18"><span class='ocrx_word' id='word_1_230' title='bbox 241 3355 400 3424; x_wconf 87' lang='lat' dir='ltr'><strong>Secundo</strong></span> <span class='ocrx_word' id='word_1_231' title='bbox 419 3354 499 3422; x_wconf 92' lang='lat' dir='ltr'><strong>loco</strong></span> <span class='ocrx_word' id='word_1_232' title='bbox 519 3353 613 3419; x_wconf 86' lang='lat' dir='ltr'><strong>iniis</strong></span> <span class='ocrx_word' id='word_1_233' title='bbox 644 3354 760 3435; x_wconf 88' lang='lat' dir='ltr'><strong>rebus,</strong></span> <span class='ocrx_word' id='word_1_234' title='bbox 793 3354 913 3440; x_wconf 88' lang='lat' dir='ltr'><strong>quibus</strong></span> <span class='ocrx_word' id='word_1_235' title='bbox 935 3375 1037 3442; x_wconf 91' lang='lat' dir='ltr'><strong>prosa</strong></span> <span class='ocrx_word' id='word_1_236' title='bbox 1059 3351 1205 3421; x_wconf 90' lang='lat' dir='ltr'><strong>elocutio</strong></span> <span class='ocrx_word' id='word_1_237' title='bbox 1230 3378 1249 3422; x_wconf 83' lang='lat' dir='ltr'><strong>a</strong></span> 
     </span>
     <span class='ocr_line' id='line_1_31' title="bbox 137 3455 1250 3549; baseline -0.002 -24"><span class='ocrx_word' id='word_1_238' title='bbox 137 3459 275 3549; x_wconf 87' lang='lat' dir='ltr'><strong>poetica</strong></span> <span class='ocrx_word' id='word_1_239' title='bbox 285 3457 416 3540; x_wconf 85' lang='lat' dir='ltr'><strong>differt,</strong></span> <span class='ocrx_word' id='word_1_240' title='bbox 442 3456 709 3524; x_wconf 90' lang='lat' dir='ltr'><strong>modulationem</strong></span> <span class='ocrx_word' id='word_1_241' title='bbox 724 3456 814 3522; x_wconf 91' lang='lat' dir='ltr'><strong>vocis</strong></span> <span class='ocrx_word' id='word_1_242' title='bbox 826 3455 1007 3546; x_wconf 87' lang='lat' dir='ltr'><strong>posuimus.</strong></span> <span class='ocrx_word' id='word_1_243' title='bbox 1059 3455 1111 3525; x_wconf 86' lang='lat' dir='ltr'><strong>Ea</strong></span> <span class='ocrx_word' id='word_1_244' title='bbox 1126 3458 1250 3548; x_wconf 80' lang='lat' dir='ltr'><strong>appel·</strong></span> 
     </span>
     <span class='ocr_line' id='line_1_32' title="bbox 137 3559 1249 3650; baseline -0.001 -23"><span class='ocrx_word' id='word_1_245' title='bbox 137 3561 262 3631; x_wconf 90' lang='lat' dir='ltr'><strong>latione</strong></span> <span class='ocrx_word' id='word_1_246' title='bbox 284 3562 332 3631; x_wconf 88' lang='lat' dir='ltr'><strong>sic</strong></span> <span class='ocrx_word' id='word_1_247' title='bbox 349 3561 490 3644; x_wconf 90' lang='lat' dir='ltr'><strong>utimur,</strong></span> <span class='ocrx_word' id='word_1_248' title='bbox 516 3569 555 3627; x_wconf 92' lang='lat' dir='ltr'><strong>ut</strong></span> <span class='ocrx_word' id='word_1_249' title='bbox 575 3559 861 3650; x_wconf 89' lang='lat' dir='ltr'><strong>comparationem</strong></span> <span class='ocrx_word' id='word_1_250' title='bbox 885 3559 1087 3648; x_wconf 87' lang='lat' dir='ltr'><strong>syllabarum</strong></span> <span class='ocrx_word' id='word_1_251' title='bbox 1104 3561 1139 3626; x_wconf 91' lang='lat' dir='ltr'><strong>in</strong></span> <span class='ocrx_word' id='word_1_252' title='bbox 1161 3583 1249 3647; x_wconf 89' lang='lat' dir='ltr'><strong>quo-</strong></span> 
     </span>
     <span class='ocr_line' id='line_1_33' title="bbox 135 3655 1326 3753; baseline -0.007 -20"><span class='ocrx_word' id='word_1_253' title='bbox 135 3665 186 3733; x_wconf 86' lang='lat' dir='ltr'><strong>vis</strong></span> <span class='ocrx_word' id='word_1_254' title='bbox 210 3658 396 3746; x_wconf 85' lang='lat' dir='ltr'><strong>vocabulo,</strong></span> <span class='ocrx_word' id='word_1_255' title='bbox 423 3686 525 3752; x_wconf 90' lang='lat' dir='ltr'><strong>quam</strong></span> <span class='ocrx_word' id='word_1_256' title='bbox 550 3655 675 3732; x_wconf 85' lang='lat' dir='ltr'><strong>Gr&#39;aeci</strong></span> <span class='ocrx_word' id='word_1_257' title='bbox 692 3671 815 3731; x_wconf 86' lang='lat' dir='ltr'><strong>vocant</strong></span> <span class='ocrx_word' id='word_1_258' title='bbox 832 3663 1046 3753; x_wconf 90' lang='lat' dir='ltr'><strong>prosodiam,</strong></span> <span class='ocrx_word' id='word_1_259' title='bbox 1077 3662 1248 3751; x_wconf 56' lang='lat' dir='ltr'><strong>intellige.</strong></span> <span class='ocrx_word' id='word_1_260' title='bbox 1325 3664 1326 3668; x_wconf 75' lang='grc'>’</span> 
     </span>
     <span class='ocr_line' id='line_1_34' title="bbox 135 3765 1247 3855; baseline -0.004 -19"><span class='ocrx_word' id='word_1_261' title='bbox 135 3791 221 3836; x_wconf 87' lang='lat' dir='ltr'><strong>mus.</strong></span> <span class='ocrx_word' id='word_1_262' title='bbox 280 3768 392 3855; x_wconf 80' lang='lat' dir='ltr'><strong>Atque</strong></span> <span class='ocrx_word' id='word_1_263' title='bbox 412 3765 510 3834; x_wconf 90' lang='lat' dir='ltr'><strong>huius</strong></span> <span class='ocrx_word' id='word_1_264' title='bbox 531 3765 620 3834; x_wconf 88' lang='lat' dir='ltr'><strong>duae</strong></span> <span class='ocrx_word' id='word_1_265' title='bbox 641 3774 716 3834; x_wconf 88' lang='lat' dir='ltr'><strong>sunt</strong></span> <span class='ocrx_word' id='word_1_266' title='bbox 736 3766 876 3835; x_wconf 85' lang='lat' dir='ltr'><strong>formae.</strong></span> <span class='ocrx_word' id='word_1_267' title='bbox 933 3768 1022 3834; x_wconf 89' lang='lat' dir='ltr'><strong>Nam</strong></span> <span class='ocrx_word' id='word_1_268' title='bbox 1039 3765 1075 3829; x_wconf 94' lang='lat' dir='ltr'><strong>in</strong></span> <span class='ocrx_word' id='word_1_269' title='bbox 1095 3785 1247 3853; x_wconf 89' lang='lat' dir='ltr'><strong>pronun·</strong></span> 
     </span>
     <span class='ocr_line' id='line_1_35' title="bbox 134 3868 1247 3957; baseline -0.004 -17"><span class='ocrx_word' id='word_1_270' title='bbox 134 3871 264 3940; x_wconf 78' lang='lat' dir='ltr'><strong>ciendis</strong></span> <span class='ocrx_word' id='word_1_271' title='bbox 285 3869 458 3938; x_wconf 85' lang='lat' dir='ltr'><strong>vocabulis</strong></span> <span class='ocrx_word' id='word_1_272' title='bbox 478 3878 535 3937; x_wconf 90' lang='lat' dir='ltr'><strong>aut</strong></span> <span class='ocrx_word' id='word_1_273' title='bbox 563 3869 669 3936; x_wconf 88' lang='lat' dir='ltr'><strong>solam</strong></span> <span class='ocrx_word' id='word_1_274' title='bbox 695 3868 899 3957; x_wconf 85' lang='lat' dir='ltr'><strong>syllabarum</strong></span> <span class='ocrx_word' id='word_1_275' title='bbox 926 3889 1113 3936; x_wconf 87' lang='lat' dir='ltr'><strong>mensuram</strong></span> <span class='ocrx_word' id='word_1_276' title='bbox 1148 3877 1247 3936; x_wconf 86' lang='lat' dir='ltr'><strong>nota-</strong></span> 
     </span>
     <span class='ocr_line' id='line_1_36' title="bbox 133 3971 1244 4065; baseline -0.003 -23"><span class='ocrx_word' id='word_1_277' title='bbox 133 3997 232 4065; x_wconf 76' lang='lat' dir='ltr'><strong>mus,</strong></span> <span class='ocrx_word' id='word_1_278' title='bbox 252 3981 309 4041; x_wconf 90' lang='lat' dir='ltr'><strong>aut</strong></span> <span class='ocrx_word' id='word_1_279' title='bbox 321 3981 455 4064; x_wconf 85' lang='lat' dir='ltr'><strong>praeter</strong></span> <span class='ocrx_word' id='word_1_280' title='bbox 469 3995 642 4040; x_wconf 90' lang='lat' dir='ltr'><strong>mensurae</strong></span> <span class='ocrx_word' id='word_1_281' title='bbox 663 3972 939 4063; x_wconf 84' lang='lat' dir='ltr'><strong>significationem</strong></span> <span class='ocrx_word' id='word_1_282' title='bbox 957 3971 1057 4037; x_wconf 91' lang='lat' dir='ltr'><strong>etiam</strong></span> <span class='ocrx_word' id='word_1_283' title='bbox 1069 3978 1244 4039; x_wconf 82' lang='lat' dir='ltr'><strong>accentum</strong></span> 
     </span>
     <span class='ocr_line' id='line_1_37' title="bbox 134 4072 1242 4162; baseline 0 -18"><span class='ocrx_word' id='word_1_284' title='bbox 134 4077 318 4148; x_wconf 78' lang='lat' dir='ltr'><strong>adiicirnus</strong></span> <span class='ocrx_word' id='word_1_285' title='bbox 371 4075 455 4142; x_wconf 88' lang='lat' dir='ltr'><strong>Vtra</strong></span> <span class='ocrx_word' id='word_1_286' title='bbox 476 4073 597 4143; x_wconf 87' lang='lat' dir='ltr'><strong>harum</strong></span> <span class='ocrx_word' id='word_1_287' title='bbox 620 4076 661 4143; x_wconf 88' lang='lat' dir='ltr'><strong>sit</strong></span> <span class='ocrx_word' id='word_1_288' title='bbox 681 4075 866 4144; x_wconf 81' lang='lat' dir='ltr'><strong>formarum</strong></span> <span class='ocrx_word' id='word_1_289' title='bbox 885 4073 930 4140; x_wconf 90' lang='lat' dir='ltr'><strong>ad</strong></span> <span class='ocrx_word' id='word_1_290' title='bbox 951 4072 1085 4162; x_wconf 90' lang='lat' dir='ltr'><strong>poesin,</strong></span> <span class='ocrx_word' id='word_1_291' title='bbox 1110 4082 1184 4141; x_wconf 90' lang='lat' dir='ltr'><strong>ntra</strong></span> <span class='ocrx_word' id='word_1_292' title='bbox 1198 4077 1242 4144; x_wconf 90' lang='lat' dir='ltr'><strong>ad</strong></span> 
     </span>
     <span class='ocr_line' id='line_1_38' title="bbox 134 4169 1242 4271; baseline 0.001 -24"><span class='ocrx_word' id='word_1_293' title='bbox 134 4169 271 4271; x_wconf 89' lang='lat' dir='ltr'><strong>prosam</strong></span> <span class='ocrx_word' id='word_1_294' title='bbox 302 4178 486 4247; x_wconf 90' lang='lat' dir='ltr'><strong>orationem</strong></span> <span class='ocrx_word' id='word_1_295' title='bbox 519 4178 791 4262; x_wconf 89' lang='lat' dir='ltr'><strong>accommodata,</strong></span> <span class='ocrx_word' id='word_1_296' title='bbox 829 4199 897 4244; x_wconf 93' lang='lat' dir='ltr'><strong>non</strong></span> <span class='ocrx_word' id='word_1_297' title='bbox 925 4185 1036 4266; x_wconf 86' lang='lat' dir='ltr'><strong>potest</strong></span> <span class='ocrx_word' id='word_1_298' title='bbox 1064 4178 1242 4247; x_wconf 87' lang='lat' dir='ltr'><strong>obscurum</strong></span> 
     </span>
     <span class='ocr_line' id='line_1_39' title="bbox 135 4279 1245 4370; baseline 0.001 -18"><span class='ocrx_word' id='word_1_299' title='bbox 135 4307 214 4354; x_wconf 75' lang='grc' dir='ltr'>ιιιε.</span> <span class='ocrx_word' id='word_1_300' title='bbox 273 4284 442 4355; x_wconf 84' lang='lat' dir='ltr'><strong>Acceutus</strong></span> <span class='ocrx_word' id='word_1_301' title='bbox 470 4279 559 4349; x_wconf 89' lang='lat' dir='ltr'><strong>enim</strong></span> <span class='ocrx_word' id='word_1_302' title='bbox 584 4304 652 4350; x_wconf 91' lang='lat' dir='ltr'><strong>non</strong></span> <span class='ocrx_word' id='word_1_303' title='bbox 676 4281 781 4350; x_wconf 92' lang='lat' dir='ltr'><strong>modo</strong></span> <span class='ocrx_word' id='word_1_304' title='bbox 802 4280 892 4351; x_wconf 90' lang='lat' dir='ltr'><strong>hanc</strong></span> <span class='ocrx_word' id='word_1_305' title='bbox 921 4279 989 4348; x_wconf 78' lang='lat' dir='ltr'><strong>vim</strong></span> <span class='ocrx_word' id='word_1_306' title='bbox 1011 4279 1119 4370; x_wconf 73' lang='lat' dir='ltr'><strong>&#39;aque</strong></span> <span class='ocrx_word' id='word_1_307' title='bbox 1150 4282 1245 4353; x_wconf 92' lang='lat' dir='ltr'><strong>hunc</strong></span> 
     </span>
    </p>
   </div>
   <div class='ocr_carea' id='block_1_3' title="bbox 0 0 1418 4904">
    <p class='ocr_par' dir='ltr' id='par_1_4' title="bbox 0 0 1418 4904">
     <span class='ocr_line' id='line_1_40' title="bbox 0 0 1418 4904; baseline 0 7"><span class='ocrx_word' id='word_1_308' title='bbox 0 0 1418 4904; x_wconf 95' lang='lat' dir='ltr'><strong> </strong></span> 
     </span>
    </p>
   </div>
  </div>
 </body>
</html>
