2826 4904
188 1210 668 1303 orssonrsmo
735 1215 823 1303 oo
881 1146 1179 1301 snnrrsr·
1217 1205 1305 1294 nr

288 1360 709 1457 rnooussoro
780 1366 846 1454 ro
921 1359 1202 1453 cnloco
1324 1445 1327 1451 ,

562 1515 929 1636 LINGVA*).

639 1793 847 1814 m

416 1988 443 2050 Ι.
487 1987 570 2066 Quid
598 1989 640 2049 sit
667 1989 783 2071 ellipsis
810 1996 842 2050 et
867 1989 1076 2070 pleonasmus.

138 2140 309 2256 fflNulla
329 2201 382 2247 res
403 2178 481 2270 plus
506 2180 620 2248 damni
643 2180 753 2249 intulit
779 2181 916 2265 litteris,
948 2202 1051 2268 qnam
1075 2175 1214 2245 inertiae
1234 2175 1303 2242 filia

188 2282 375 2351 credulitas.
426 2284 514 2352 Nam
539 2285 623 2353 sicut
643 2286 679 2351 in
702 2285 794 2352 omni
814 2284 1029 2377 negotiorum
1054 2303 1181 2375 genere
1197 2302 1302 2369 quae-

189 2384 270 2453 dam
292 2384 502 2478 reperiuntur
524 2388 726 2456 inveteratae
744 2387 939 2478 opiniones,
976 2409 1059 2475 quas
1082 2385 1139 2452 alii
1166 2385 1210 2452 ab
1234 2383 1302 2450 aliis

187 2499 345 2580 acceptas
361 2499 490 2558 servant
504 2490 729 2580 religioseque
747 2500 899 2576 tuentur,
928 2512 1050 2580 parum
1068 2487 1221 2571 solliciti,
1247 2485 1304 2575 qui

188 2592 299 2661 fontes
322 2591 403 2677 sint,
430 2602 488 2659 aut
503 2615 590 2681 quae
610 2597 752 2662 rationes
767 2593 886 2661 harum
905 2593 1116 2683 opinionum:
1140 2592 1189 2657 ita
1204 2589 1303 2658 etiam

187 2694 222 2760 in
245 2695 380 2782 litteris,
408 2716 549 2783 quarum
562 2703 674 2763 tamen
694 2698 834 2787 propria
856 2705 906 2765 cst
927 2696 1070 2764 veritatis
1094 2693 1303 2784 pervestiga-

188 2797 256 2880 tio,
282 2796 455 2886 plerique,
480 2798 639 2885 quoniam
663 2799 769 2866 multa
788 2799 951 2869 discendo
970 2799 1144 2870 doctrinae
1165 2796 1304 2864 laudem

188 2901 302 2991 parari
325 2907 462 2990 putant,
487 2900 595 2991 magis
617 2902 700 2990 quid
725 2912 800 2970 ante
824 2926 859 2993 se
882 2903 936 2970 alii
952 2901 1111 2986 dixerint,
1137 2923 1241 2990 quam
1254 2899 1304 2967 illi

189 3025 233 3069 an
260 3002 297 3070 id
326 3010 419 3070 recte
446 3001 604 3087 dixerint,
630 3004 763 3073 student
784 3027 999 3096 cognoscere.
1060 3005 1139 3089 Quo
1165 3003 1222 3088 fit,
1256 3012 1303 3087 ut,

189 3105 271 3196 dum
290 3106 353 3173 toti
368 3105 548 3173 tractandis
563 3107 704 3175 aliorum
724 3109 919 3177 commentis
941 3132 976 3176 se
993 3107 1131 3192 dedunt,
1158 3105 1304 3196 denique

188 3209 294 3300 longa
319 3209 557 3279 cousuetudine
580 3210 624 3276 ad
635 3211 840 3281 credendum
857 3211 1066 3296 inducantur,
1092 3212 1249 3279 mirantes
1265 3231 1304 3278 ac

188 3335 278 3402 pene
294 3321 483 3402 stupentes,
508 3313 535 3380 si
555 3314 628 3402 quis
646 3316 742 3384 aliter
764 3316 883 3384 sentire
906 3314 1038 3383 audeat.
1088 3316 1135 3382 Et
1148 3335 1217 3402 quo
1233 3312 1305 3382 cla-

188 3416 292 3483 riores
314 3438 417 3505 saepe
438 3417 525 3484 viros
546 3406 745 3487 haec'tenet
766 3418 941 3503 socordia,
962 3440 1003 3486 eo
1027 3415 1125 3486 latius
1146 3416 1216 3485 hoc
1230 3440 1305 3485 ma-

187 3518 261 3586 lum
283 3520 405 3607 serpit,
438 3519 607 3610 plerisque
634 3524 881 3607 auctoritatem,
919 3529 1027 3590 tutam
1054 3520 1199 3606 scilicet,
1242 3519 1305 3587 ali-

188 3621 350 3711 quamdiu
365 3629 466 3708 certe,
492 3624 621 3713 proprii
633 3626 757 3691 laboris
771 3625 981 3716 periculosae
994 3623 1187 3691 difficultati
1203 3644 1305 3712 prae-

188 3724 381 3793 ferentibus.
431 3725 658 3795 Luculentum
682 3726 781 3794 huius
802 3728 851 3796 rei
880 3727 1121 3796 documentum
1142 3727 1306 3816 praebent

62 3865 64 3870 v
136 3841 230 3904 teca
257 3850 344 3916 quae
374 3828 418 3895 ab
449 3828 521 3914 his,
553 3830 613 3918 qui
641 3829 815 3924 philologi
842 3839 1022 3919 vocantur,
1056 3829 1101 3898 de
1126 3828 1238 3921 ellipsi
1262 3836 1301 3896 ‘et

184 4174 187 4181 '
231 4163 258 4246 *)
280 4165 369 4231 Edita
390 4176 435 4227 est
455 4167 488 4225 in
517 4166 549 4228 F.
571 4166 606 4225 A.
635 4166 735 4226 Wolfii
770 4176 801 4227 et
828 4167 883 4232 Ph.
907 4169 1079 4231 Buttmanni
1102 4167 1208 4231 Museo
1231 4165 1305 4229 auti·

190 4249 313 4330 quitatis
334 4251 504 4313 studiorum
524 4251 657 4312 Berolini
680 4274 706 4315 a.
733 4258 825 4323 1808.
