2826 4904
254 1063 334 1154 uu
358 1056 727 1165 mnonmnro
756 1053 1315 1151 communimine

197 1216 201 1223 ·
345 1192 1014 1290 sornoomsrnovonvs
1046 1189 1229 1284 cono.
1295 1208 1300 1219 ·

601 1327 894 1421 nussum.
919 1331 964 1454 .,

679 1574 889 1597 m

225 1726 266 1787 In
275 1723 389 1788 Bootis·
401 1718 639 1786 Commentariis
648 1718 817 1784 Societott's
827 1715 1034 1806 philologicos
1043 1720 1099 1783 ool.
1110 1715 1214 1780 HLP.
1223 1716 1345 1801 ipss.

702 1915 872 1933 Ν

224 2010 359 2120 Edidit
370 2071 479 2141 nuper
493 2045 576 2120 ctu.
596 2049 688 2141 Aug.
700 2046 867 2134 Lobeck,
892 2047 935 2116 A.
949 2046 1013 2134 M,
1036 2043 1246 2137 thiebergae
1262 2045 1347 2113 duas

224 2154 469 2224 dissertationes
486 2153 558 2222 hoc
574 2153 704 2224 indicet
730 2152 783 2222 dii
795 2160 953 2221 veterum
969 2150 1143 2242 adspectu
1158 2170 1346 2241 corporum

224 2254 440 2327 exanimium
452 2280 522 2327 non
531 2255 713 2350 prohibiti.
739 2255 781 2324 lu
796 2278 912 2325 esrum
921 2254 1190 2323 dissertationum
1198 2252 1345 2321 secunde

213 2357 311 2432 ‘haec
330 2361 453 2452 scripta
478 2361 606 2429 suntin
629 2360 748 2428 ultima
769 2359 912 2450 pagina:
944 2356 992 2425 ab
1018 2358 1089 2426 hac
1104 2357 1195 2450 enim
1206 2357 1347 2449 origine

222 2464 424 2536 horrendos
441 2463 790 2558 illosPelopidarum
803 2459 1030 2532 calamitates
1031 2457 1249 2555 profiuxisse
1262 2481 1344 2529 con-

263 2769 292 2846 *)
315 2765 439 2826 Miseret
460 2765 591 2845 Lipsiam
607 2763 679 2827 Chr.
691 2763 806 2826 Frider.
821 2765 859 2826 de
873 2763 1017 2826 Matthaei
1033 2763 1157 2826 brevem
1167 2765 1345 2827 relationem

223 2851 261 2912 de
271 2853 324 2910 illo
338 2851 515 2929 fragmento,
531 2870 609 2930 quae
621 2851 723 2912 diariis
740 2851 893 2912 litterariis
908 2853 1101 2912 insereretur.
1124 2851 1167 2910 Ea
1182 2871 1276 2930 quum
1284 2873 1345 2914 me·

222 2951 293 2997 curn
309 2935 525 2995 communicata
542 2946 636 3013 esset,
659 2935 764 2997 obstiti
779 2958 818 2996 ne
832 2937 1072 3017 imprimeretur,
1096 2936 1274 3016 priusquam
1286 2937 1346 2997 ad-

222 3022 355 3082 monitus
373 3029 451 3080 esset
467 3021 504 3081 de
520 3042 621 3081 errore
638 3044 694 3083 suo
711 3021 870 3084 Matthaei=
893 3023 1032 3081 nolebam
1048 3021 1126 3082 enim
1142 3022 1217 3081 risui
1231 3022 1345 3082 docto-

222 3127 290 3167 rum
307 3108 417 3186 exponi
430 3106 532 3166 virum
549 3108 704 3186 optimum.
746 3107 853 3186 Itaque
867 3109 894 3168 ei
906 3107 1023 3186 scripsi,
1044 3106 1220 3167 viderieum
1235 3107 1344 3168 ludere

134 3214 136 3219 ’
221 3193 300 3252 velle
316 3212 382 3270 eos,
413 3193 466 3272 qui
484 3195 636 3254 nescirent
649 3191 830 3276 Sophoclem
850 3215 866 3252 a
886 3193 1033 3272 scriptore
1048 3192 1203 3252 minimum
1218 3193 1300 3253 mille
1313 3202 1344 3254 et

221 3279 390 3358 quingentis
413 3277 498 3337 annis
512 3279 680 3340 recentiore
700 3279 892 3356 distinguere.
936 3279 1048 3338 Verum
1063 3298 1100 3336 ex
1115 3277 1169 3345 iis,
1196 3298 1273 3355 quae
1289 3298 1344 3337 re÷

221 3363 363 3442 spondit,
392 3365 519 3442 cognovi
537 3365 616 3425 serio
638 3386 707 3427 eum
726 3364 849 3425 credere
863 3367 937 3423 istos
952 3362 1119 3422 versiculos
1136 3361 1172 3420 ab
1191 3360 1344 3441 Sophocle

221 3468 287 3508 esse
303 3447 451 3526 scriptos,
476 3448 509 3508 id
530 3450 613 3529 quod
633 3459 738 3531 postea
762 3448 969 3528 comprobavit
991 3448 1072 3507 edito
1087 3447 1146 3507 isto
1162 3447 1341 3524 fragmento.

220 3533 300 3612 Ergo
322 3533 376 3592 ubi
398 3532 544 3594 dimoveri
564 3556 633 3595 eum
656 3535 693 3594 ab
709 3537 766 3594 ista
778 3535 923 3595 sententia
938 3533 1019 3593 nolle
1034 3532 1240 3603 animadverti,
1262 3531 1343 3593 hanc

220 3618 513 3680 dissertatiunculsm
521 3640 580 3679 non
589 3621 726 3701 apposito
734 3620 853 3679 nomine
865 3641 933 3679 meo
943 3619 1168 3677 Commentariis
1183 3617 1343 3678 Societau‘s

218 3703 420 3784 philologicos
434 3705 622 3764 inserendam
639 3704 716 3778 misi,
738 3714 774 3763 ut
791 3705 841 3764 vel
860 3725 899 3763 ex
914 3702 1012 3762 tribus
1026 3703 1087 3761 illis
1102 3701 1250 3778 versibus,
1266 3702 1343 3781 quid

220 3789 457 3871 exspectandum
472 3799 550 3849 esset
564 3798 812 3868 cognosceretur,
837 3789 1031 3866 riderentque
1044 3787 1102 3847 viri
1116 3787 1199 3847 docti
1214 3786 1344 3867 Sopho-

220 3875 297 3934 clem
310 3875 403 3934 istum
416 3884 446 3934 et
453 3873 612 3934 Aristotele
624 3875 820 3956 posteriorem
830 3884 860 3934 et
867 3873 964 3933 cuivis
972 3873 1344 3952 imperitissimodoctrina

219 3980 333 4039 parem.
347 3960 516 4021 Lobeckius
523 3959 644 4040 quidem
653 3980 746 4038 quum
754 3980 873 4039 quaeeo
880 3960 959 4035 loco,
967 3978 1056 4037 quem
1063 3957 1201 4038 apposui,
1209 3959 1342 4037 scripsit,

220 4046 287 4104 viro
307 4045 362 4105 sibi
384 4045 480 4107 amico
500 4054 618 4123 gratum
642 4045 723 4105 lecit.
766 4046 842 4104 Nam
859 4044 909 4105 vel
922 4054 987 4103 tum
1000 4045 1145 4123 temporis
1159 4044 1230 4122 plus
1241 4044 1293 4104 ille
1308 4048 1342 4103 in

219 4125 268 4188 his
283 4129 391 4191 litteris
402 4132 585 4212 profecerat,
608 4150 698 4210 quem
709 4140 744 4191 ut
756 4130 903 4207 erederet,
925 4129 1007 4211 quod
1023 4151 1084 4189 non
1101 4129 1225 4189 credere
1240 4129 1266 4187 si
1281 4129 1342 4188 ias.

220 4233 272 4272 sus
293 4225 387 4288 esset,
420 4217 553 4279 debitam
568 4216 669 4295 bono,
699 4215 752 4278 sed
769 4216 971 4298 periracundo
988 4214 1050 4276 seni
1064 4214 1262 4277 reverentiam
1279 4215 1341 4277 lae·

220 4297 316 4360 sisset.
