2826 4904
503 107 896 171 GENERIBVS.
1221 112 1266 174 80

149 293 364 385 explicationi
380 296 541 382 quoniam
559 295 700 368 hicnon
717 296 946 366 decctlocum
964 297 1169 382 concedere,
1195 295 1266 368 hoc

146 407 281 465 tantum·
299 396 456 483 afferam,
484 423 542 466 eos
564 402 623 489 qui
642 423 683 469 ex
695 401 821 469 levium
842 410 942 489 atque
956 397 1136 468 humilium
1154 423 1266 492 nege

146 500 269 567 tiorum
286 503 510 589 occupatione
523 512 663 594 repente
676 503 721 571 ad
735 524 933 594 magnarum
941 503 1200 592 sublimiumque
1208 527 1264 571 re-

144 626 220 670 rum
235 605 554 694 contemplationem
567 607 790 695 abripiuntur,
811 607 957 675 novitate
971 615 1004 673 et
1015 605 1263 674 insolentiahu-

144 708 196 774 ius
219 729 347 791 sensns,
381 711 712 798 repugnantisomni
732 709 933 794 remissioni,
963 708 1123 799 inrisum
1140 708 1264 781 'coniici

144 810 271 889 solerc;
296 811 412 898 inquo
427 810 564 899 quidem
578 836 657 884 casu
671 812 765 883 nulla
777 821 826 880 est
839 810 1051 880 iucunditatis
1065 822 1100 880 et
1110 812 1263 881 iniucun-

144 912 256 979 ditatis
271 913 427 992 certati03
450 914 516 982 illis
532 927 664 998 contra,
690 915 749 1004 qui
764 914 863 984 amici
877 924 1021 982 mortem
1035 913 1162 999 dolent,
1174 937 1262 1004 quo-

143 1015 205 1082 ties
226 1014 475 1084 consuetudinis
505 1026 540 1085 et
555 1019 789 1087 familiaritatis
813 1018 1006 1086 suavitatem
1033 1017 1262 1103 recordantur,

142 1117 299 1188 lacrimas
314 1126 502 1209 emmperc.

231 1356 233 1360 y
312 1263 352 1330 Τὸ
369 1264 427 1351 yclp
449 1271 576 1350 φιλῆσαι
596 1265 647 1335 τὸν
668 1264 791 1334 θανᾶντ’
812 1267 879 1354 ἄγει
899 1238 1006 1356 δάκρυ,

142 1434 180 1490 ut
191 1431 285 1493 recte
297 1423 489 1516 Euripides.

243 1626 297 1696 Ex
310 1630 394 1697 risus
407 1575 525 1698 natura
539 1651 626 1719 quae
637 1629 700 1697 siut
714 1612 873 1715 ridicula,
896 1629 1041 1722 intelligi
1059 1637 1181 1730 potest
1205 1630 1260 1700 Ac

143 1729 269 1800 debent
282 1733 344 1799 illa
367 1727 482 1802 earum
502 1756 615 1801 rerum
631 1732 779 1822 aliquam
795 1733 1065 1804 coniunctionem
1078 1733 1258 1818 continere,

141 1855 229 1922 quae
246 1835 312 1902 alia
326 1837 484 1924 quadam,
503 1860 604 1926 qnam
617 1836 828 1905 iucunditatis
842 1847 875 1904 et
894 1836 1141 1905 iniucunditatis
1153 1856 1258 1926 repu-

141 1938 277 2027 gnantia
291 1939 502 2009 insociabiles
519 1941 619 2007 animi
639 1939 834 2008 affectiones
856 1939 1007 2008 afferant.
1045 1939 1142 2024 Quae
1153 1960 1258 2028 repu-

141 2040 279 2128 gnantia
297 2051 355 2107 aut
376 2042 450 2107 solo
473 2065 571 2110 sensu
584 2043 794 2126 aestimatur,
829 2041 1118 2127 quemadmodum
1140 2039 1257 2108 musici

141 2141 230 2206 sonis
243 2141 445 2227 quibusdam
460 2143 544 2229 (non
558 2143 762 2230 melopoeia,
778 2141 991 2230 quodetiam,
1001 2140 1061 2209 sed
1071 2141 1258 2210 intellectus
1329 2155 1335 2169 ‘

140 2242 282 2325 auxilio,
298 2242 372 2309 fieri
386 2243 515 2333 potest)
526 2244 629 2310 risum
643 2264 779 2310 movere
790 2243 912 2329 sciunt,
932 2255 989 2311 aut
1002 2245 1119 2312 mentis
1132 2244 1257 2312 iudicio
1314 2254 1319 2265 '

141 2345 355 2436 expenditur,
376 2345 471 2434 quod
489 2346 600 2413 solum
622 2342 729 2438 genius
751 2367 840 2415 nnnc
862 2345 906 2413 ab
934 2347 1031 2415 nobis
1046 2344 1258 2416 tractandum

141 2457 200 2516 est.
235 2447 366 2532 Quodsi
379 2471 420 2516 ea
433 2447 574 2519 ridicula
587 2457 678 2533 sunt,
696 2472 792 2538 ,quae
815 2448 962 2537 aliquam
980 2471 1093 2518 rerum
1112 2449 1257 2516 insocia-

140 2552 260 2618 bilium
284 2551 551 2643 coniunctionem
570 2552 757 2637 continent,
783 2560 912 2637 tamen,
937 2553 1000 2620 nisi
1023 2550 1167 2621 absurda
1179 2574 1257 2621 cum

98 2735 100 2743 J
140 2653 286 2721 ridiculis
306 2653 515 2724 confundere
539 2655 709 2741 volumus,
735 2655 810 2723 lieri
828 2674 897 2723 non
916 2664 1044 2746 potest,
1071 2679 1132 2724 cae
1151 2674 1203 2722 res
1219 2664 1257 2723 ut

139 2757 233 2824 nulla
249 2759 385 2825 omnino
397 2759 527 2826 ratione
541 2760 721 2848 copulatae
731 2758 804 2825 sint.
841 2759 922 2829 Hoc
937 2758 1026 2827 em'm
1038 2760 1066 2828 si
1080 2767 1181 2842 esset,
1199 2781 1256 2825 ra·

138 2860 222 2927 tioni
234 2860 373 2948 quidem
386 2861 535 2930 taedium
547 2870 715 2946 crearent,
739 2861 839 2945 licet,
863 2863 891 2929 si
907 2863 1015 2931 solnm
1028 2861 1255 2945 affectionem,

138 2986 241 3051 quam
256 2963 408 3054 singulae
421 2973 534 3054 partes
545 2988 610 3055 per
621 2986 658 3033 sc
674 2964 842 3048 afferrent,
854 2975 995 3055 spectes,
1006 2966 1109 3031 risuum
1118 2964 1255 3030 lorsitan

138 3076 322 3161 moverent.
360 3067 415 3136 Ex
429 3088 480 3135 ‘eo
496 3091 622 3158 genere
638 3076 702 3151 est,
728 3066 823 3156 quod
841 3066 982 3135 Kantius
1004 3066 1121 3150 affert,
1143 3064 1254 3148 fnisse,

139 3169 197 3256 qui
215 3169 261 3236 ob
277 3171 544 3259 eiectapropter
560 3178 794 3260 tempestatem
810 3191 829 3236 e
845 3170 922 3235 navi
942 3170 1033 3236 bona
1049 3167 1136 3236 adeo
1154 3166 1254 3236 dole-

139 3280 206 3355 ret,
230 3293 298 3338 una
317 3281 416 3341 nocte
434 3284 473 3341 nt
494 3273 563 3340 eius
589 3269 797 3340 caliendrum
822 3270 978 3340 caruerit.
1018 3269 1099 3341 Hoc
1115 3270 1252 3356 ridetur,

139 3374 199 3440 sed
213 3397 282 3442 non
298 3384 349 3443 est
361 3375 550 3443 ridiculum.
592 3376 681 3444 Nam
696 3384 788 3445 recte
802 3373 940 3464 quidem
957 3382 992 3450 et
1007 3398 1027 3443 e
1046 3374 1161 3444 Kantii
1176 3398 1252 3440 sen·
1319 3413 1322 3431 ·

138 3476 241 3544 tentia
255 3477 395 3564 Cicero,
411 3488 528 3546 natura
542 3501 620 3564 uos,
644 3479 767 3567 iuquit,
787 3487 901 3547 noster
914 3477 1064 3547 delectet
1078 3498 1189 3561 error,
1211 3499 1252 3542 ex

137 3601 208 3668 quo
222 3602 326 3669 quum
339 3582 433 3670 quasi
446 3582 582 3672 decepti
600 3603 710 3649 sumus
733 3584 996 3672 exspectatione,
1015 3580 1172 3647 ridemus.
1204 3578 1252 3645 At

129 3693 416 3781 ·necesseest,1ue
428 3684 516 3752 illud
525 3685 682 3774 quidem,
701 3684 796 3773 quod
814 3693 949 3773 praeter
971 3681 1251 3772 exspectationem

136 3787 355 3878 arripuimus,
384 3787 568 3855 absurdum
583 3810 664 3856 esse.
703 3787 793 3855 Nam
805 3810 875 3856 nou
889 3786 944 3871 id,
966 3784 1062 3875 quod
1075 3781 1251 3874 exspecta·
1353 3788 1356 3793 '

136 3900 207 3958 tum
228 3900 317 3975 erat,
343 3890 499 3981 adipisci,
525 3890 618 3959 aliud
630 3898 697 3976 est,
723 3891 851 3960 octale
870 3886 1129 3979 qnidarripere,
1155 3888 1249 3977 quod

137 3994 322 4084 exspectari
341 3994 436 4062 nulla
456 3993 649 4063 conditione
661 4003 805 4085 poterat
844 3994 925 4062 Hoc
940 4002 1052 4061 autom
1063 3988 1248 4063 necessario

137 4099 248 4166 caveri
266 4097 387 4184 debet,
419 4096 481 4165 nisi
499 4098 602 4179 risum
623 4099 771 4189 ingenuo
790 4095 928 4164 homine
955 4094 1248 4188 planu-indiguum
