2826 4904
528 326 715 391 GRAECA
746 329 932 391 LINGVA.
1187 334 1253 400 235

134 499 305 590 Neglecta
321 508 370 566 est
386 500 506 570 eadem
520 504 686 593 particula
701 505 802 572 etiam
817 502 851 570 in
877 502 1010 570 duobus
1030 503 1122 590 aliis,
1147 505 1254 595 iisque

134 602 198 670 sibi
213 603 388 670 simillimis
402 605 551 674 eiusdem
566 617 689 697 poetae
703 608 798 678 locis.
849 608 889 674 lu
910 607 1016 675 Aiace
1035 608 1255 702 interroganti

134 728 166 772 v.
190 703 250 772 94.
271 705 463 792 Minervae,

623 807 704 882 αλλ’
725 804 840 884 ἐκεῖνό
865 836 933 902 μοι
955 805 1116 905 φράσον,
1155 823 1159 827 ’
1234 842 1237 851 ’

238 911 378 1005 ἔβαψας
392 914 492 1006 ἔγχος
509 910 550 986 εὖ
565 907 655 1011 προς
668 910 845 1011 Ἀργείων
863 913 1010 1010 στρατῷ
1017 940 1032 1005 ,·

133 1046 182 1114 ita
198 1047 381 1138 respondet
405 1051 505 1118 Aiax:

236 1177 374 1277 κόμπος
395 1181 570 1286 πάρεστι,
597 1183 685 1260 uotis
707 1183 945 1284 ἀπαρνοῦμαι
962 1179 1009 1259 ἰα’
1023 1181 1088 1283 μή.

134 1321 174 1388 lu
199 1322 371 1414 Antigona
391 1346 423 1392 v.
447 1324 534 1392 443.
557 1328 606 1395 sio
632 1334 697 1392 est:

237 1458 298 1529 καὶ
316 1487 407 1556 φημι
400 1459 577 1559 δρᾶσαι,
604 1458 690 1534 uode
707 1456 943 1556 ἀπαρνοῦμαι
956 1488 1000 1535 το
1023 1454 1087 1554 μα’

136 1593 281 1678 Quae
257 1618 284 1661 s1
297 1597 445 1705 genuina
467 1600 568 1669 lectio
585 1610 689 1685 esset,
715 1597 821 1665 verba
838 1598 899 1665 sibi
916 1605 1161 1688 repugnarent·
1185 1596 1256 1670 hoo

137 1697 225 1764 enim
239 1698 423 1768 diceretur:
450 1709 484 1769 et
498 1705 557 1772 αἱο
581 1727 639 1772 me
651 1702 805 1795 secisse,
831 1721 896 1766 aee
919 1721 1015 1791 nego
1030 1720 1099 1766 αοπ
1110 1698 1255 1792 secisse.

137 1799 251 1884 Quare
279 1811 423 1891 utroque
454 1805 534 1872 loeo
562 1805 778 1873 scribendum
803 1811 851 1868 est
866 1797 931 1898 μή
966 1799 1020 1874 οὕ
1087 1801 1231 1886 Quod·
1222 1829 1257 1872 m

136 1903 248 1972 Aiacis
277 1927 375 1973 versu
401 1906 502 1973 etiam
529 1907 701 1976 Suidam
691 1929 726 1973 m
748 1929 780 1972 v.
805 1931 856 2000 pp
882 1901 965 1995 ου’χί
969 1958 984 1993 ,
1010 1914 1048 1972 ut
1074 1916 1324 1998 utrumquem

136 2004 370 2094 Scholiasteu,
418 2032 482 2080 nec
511 2033 579 2078 non
611 2010 814 2079 Triclinium
848 2006 1023 2094 habuisse,
1067 2010 1256 2098 ostendunt,

136 2131 225 2197 quae
248 2111 299 2178 illi
327 2111 476 2181 adeum
505 2116 623 2184 locum
651 2114 860 2182 adnotarunt.
917 2111 1016 2178 Idem
1043 2135 1137 2179 error
1161 2138 1258 2184 com-

136 2212 253 2328 missus
266 2213 475 2303 inAeschyli
489 2218 614 2307 Agam.
638 2214 769 2298 1178„
791 2215 853 2280 ubi
871 2213 1104 2303 scribendum.

626 2348 709 2429 ἄκος
733 2345 770 2421 d
796 2344 943 2420 οὐδὲν
925 2336 1124 2445 επήραιοαν
1133 2406 1147 2440 ‚

241 2477 284 2523 το
308 2478 360 2546 μη
385 2432 429 2524 οὐ
450 2445 557 2524 πόλιν
576 2451 645 2546 μὲν
668 2478 781 2549 ωςπερ
810 2446 876 2522 οὖν
897 2451 971 2540 ἔχει
994 2458 1130 2526 παθεῖν
1146 2453 1208 2547 *),·

87 2589 92 2601 '
138 2611 218 2658 eum
233 2609 302 2676 quo
316 2588 396 2656 loco
410 2589 657 2679 comparandus
670 2587 838 2680 Sophocl
851 2588 946 2655 Aiac.
962 2585 1049 2655 729.
1075 2589 1238 2658 Adde
1194 2618 1259 2664 οαιι

139 2692 241 2758 etiam
257 2690 350 2781 apud
362 2692 540 2760 Platonem
554 2693 590 2759 in
605 2691 766 2783 Sophista
789 2716 824 2784 p.
848 2685 933 2757 235.
957 2691 1000 2758 Β.
1027 2689 1113 2771 olcas
1138 2689 1259 2766 οὐκέτι

138 2787 350 2887 ἐκφεύξεται
370 2788 456 2866 τόδε
479 2823 530 2887 με.
570 2788 623 2868 To*
645 2801 751 2867 ποῖον
757 2823 772 2887 ,·
803 2797 839 2866 T
836 2787 858 2865 o*
877 2786 931 2890 μή
954 2790 1018 2865 ουίι
1041 2799 1078 2866 ἐν
1100 2795 1171 2868 τοῦ
1195 2797 1260 2887 με’-

138 2922 222 2976 ναας
239 2892 333 2968 εἶναι
353 2895 426 2967 τῶν
449 2896 742 2989 θαυματοποιῶν
764 2923 830 2977 τις.
884 2896 989 2980 Quod
1010 2896 1131 2989 effugit
1151 2899 1260 2966 Hein-

139 2997 286 3066 dorfium
302 2998 346 3066 ad
363 2998 599 3068 Parmenidem
613 3024 649 3091 p.
666 2998 770 3086 246.,
797 3000 855 3089 qui
869 3000 987 3069 haere
1004 3001 1053 3069 uti
1069 3010 1202 3092 poterat
1215 3001 1261 3069 ad
1323 3038 1325 3042 ·

138 3101 300 3168 tuendam
330 3102 646 3195 interrogationem,
678 3127 781 3191 quam
803 3104 876 3171 iure
906 3105 1047 3171 statuit
1037 3126 1072 3170 m
1094 3104 1165 3171 hoo
1188 3128 1260 3172 esse

138 3203 347 3271 Parmenidis
369 3204 448 3273 loco
478 3228 513 3333 p.
539 3204 625 3272 147.
655 3207 696 3273 A.
735 3233 766 3276 ει
760 3205 829 3276 ’δὲ
852 3200 946 3299 μήτε
977 3211 1118 3284 ἑαυτοῖς
1151 3201 1261 3325 ἕτεροί

139 3310 236 3392 ἐστι,
261 3301 356 3400 μήτε
372 3307 426 3401 τῷ
440 3308 572 3401 ἑτέρῳ,
600 3303 644 3378 ού
670 3300 788 3400 πάντῃ
808 3332 853 3376 αν
877 3305 987 3422 ᾔδη’
968 3299 1118 3397 anodyna
1141 3335 1186 3378 πο
1206 3333 1259 3401 μη

139 3413 248 3530 ἕτερα
278 3405 372 3480 εἶναι
400 3377 586 3502 illidium
618 3409 707 3475 Nam
740 3407 871 3474 sublata
895 3407 1164 3536 interrogatione
1192 3432 1261 3476 non

140 3505 212 3606 μή,
238 3511 299 3579 sed
322 3537 373 3602 μη
398 3511 478 3600 οοχι
503 3511 571 3580 dici
592 3511 779 3595 debuisset,
806 3515 885 3598 qnia
906 3518 986 3576 tuuc
1001 3507 1064 3582 οὐν
1082 3538 1128 3582 αν
1146 3506 1261 3606 ἐκφύ-

139 3638 201 3705 γοι
220 3614 360 3706 proprie
382 3612 511 3682 dictum
533 3613 666 3700 fuisset,
698 3622 870 3702 nequent
897 3635 1004 3699 nuno,
1045 3611 1138 3707 idem
1168 3614 1263 3703 quod

140 3709 308 3810 ἐκφεύγει
335 3716 562 3808 significasset.
620 3719 742 3786 Rarius
765 3709 820 3811 μή
848 3719 1029 3785 omiserunt
1054 3716 1198 3802 librarii,
1224 3724 1264 3784 ut

139 3818 236 3910 apud
258 3818 505 3911 Alciphronem
529 3820 584 3907 ll,
610 3821 653 3907 2,
679 3843 715 3912 p.
742 3818 848 3907 214„
873 3821 931 3888 ubi
954 3817 1157 3912 legendmn:
1197 3815 1263 3892 οοίι

140 4007 343 4025 m

182 4139 213 4220 *)
234 4140 280 4201 Ne
300 4140 352 4200 hic
371 4140 492 4220 quidem
508 4142 674 4202 mutatione
676 4162 784 4247 opus.
805 4140 880 4200 Nam
895 4164 937 4222 μη
955 4134 995 4202 od
1009 4149 1055 4200 est
1075 4160 1135 4220 quo
1148 4143 1263 4219 minos,

140 4249 183 4305 οη
209 4236 309 4287 autem
325 4239 360 4286 ut
372 4247 442 4284 non.
484 4225 633 4285 Vnde
590 4253 632 4308 μη
653 4251 690 4290 ου
676 4221 746 4287 ad
762 4227 795 4286 id
811 4226 895 4308 quod
909 4224 1101 4288 efficiendum
1113 4235 1197 4304 erat,
1220 4252 1263 4308 μη

140 4311 180 4372 ad
201 4313 234 4374 id
251 4313 335 4394 quod
354 4311 493 4374 effectum
516 4321 577 4390 est,
599 4313 741 4376 retertur.
