2826 4904
190 323 253 388 ιω
374 366 380 377 ι
420 318 476 378 os
497 315 683 379 rnnrrsr
704 316 763 378 nr
783 268 1072 377 arnonusno
1098 276 1101 281 ’

189 502 252 562 tur.
304 489 459 575 Quorum
480 490 632 574 omnino,
664 487 953 579 quemadmodum
972 485 1210 571 indicavimus,
1235 482 1302 554 du·

82 575 88 597 ⁸
189 598 270 688 plen
298 592 390 663 ratiox
410 602 468 662 est.
499 610 501 619 ·
533 595 622 661 Nam
645 601 701 660 aut
727 600 778 658 tot
868 590 964 658 deest
995 588 1137 658 subiecti
1165 610 1303 674 nomeu,

191 720 296 788 quum
314 719 383 764 uon
404 704 516 787 potest
540 696 681 764 dubium
700 614 862 779 assellis
882 717 950 783 qua
968 714 1006 761 re
1025 714 1136 760 senno
1159 692 1220 778 sit,
1247 696 1304 760 aut

190 824 269 893 pars
290 799 451 868 omittitur
476 799 633 882 subiecti,
658 799 718 866 ubi
741 819 782 865 ex
806 820 848 864 ea
869 807 983 888 parte,
1009 818 1098 885 quae
1116 797 1230 886 posita
1244 804 1305 880 est,

192 905 297 972 altera
317 912 436 993 sponte
460 902 666 992 intelligitur.
725 900 766 968 In
789 900 904 989 priore
929 900 1068 988 quidem
1094 919 1239 990 genere,
1269 899 1305 966 in

192 1030 260 1097 quo
274 1015 384 1074 totum
399 1008 491 1073 abest
506 1007 709 1089 subiectum,
735 1002 822 1070 nihil
843 1003 1048 1072 difficultatis
1062 1011 1120 1069 est.
1172 1002 1305 1086 Quam·

94 1140 97 1151 ·
193 1133 295 1199 quarn
315 1109 467 1193 fuerunt,
502 1109 561 1198 qui
588 1129 631 1174 ne
652 1106 713 1175 hie
738 1106 876 1194 quidem
902 1107 946 1173 ab
973 1127 1087 1172 errore
1107 1105 1170 1173 sibi
1205 1128 1305 1174 eave-

192 1222 277 1295 rent,
302 1212 413 1303 utqui
436 1213 583 1288 εἴδωλον
605 1209 863 1304 intelligendum
877 1209 1003 1278 censuit
1022 1209 1057 1276 in
1075 1207 1146 1277 hoo
1161 1208 1306 1277 Hesiodi

193 1318 304 1386 loeo:x

298 1413 427 1489 αὐτίκα
444 1411 479 1489 d’
501 1418 538 1490 ἑκ
554 1412 652 1513 γαίης
673 1408 829 1488 πλάσσεν
849 1407 976 1495 κλυτάς
991 1407 1233 1511 Ἀμφιγυήεις

298 1517 612 1616 παρθέκῳσίδσίῃ
637 1520 770 1592 ἴκελον·

137 1644 140 1650 ’
196 1657 255 1727 ubi
276 1678 376 1724 nemo
400 1679 496 1724 sanus
519 1654 612 1722 aliud
641 1678 744 1743 quarn
769 1653 807 1727 τὶ
826 1654 970 1745 intelligi
990 1655 1108 1722 volet'
1152 1654 1306 1731 Alterum

196 1783 278 1830 vero
293 1782 416 1851 genuS,
442 1758 536 1848 quod
557 1759 727 1848 aliquanto
749 1757 943 1848 impeditius
964 1766 1029 1842 est,
1053 1757 1216 1848 plurimas
1230 1757 1307 1826 feeit

197 1863 333 1932 fraudes
354 1863 409 1947 iis,
435 1862 493 1951 qui
516 1862 618 1928 nimio
633 1862 801 1952 ellipsium
823 1863 933 1930 studio
954 1861 1156 1930 ferebantur.
1210 1861 1305 1946 Quo-

197 1989 273 2035 rum
291 1963 429 2054 quidam
453 1986 583 2031 errores
605 1965 708 2054 plane
728 1965 880 2055 pudendi
901 1975 995 2049 sunt,
1028 1973 1066 2030 ut
1095 1987 1202 2053 quum
1226 1965 1307 2032 inter

198 2070 331 2159 ellipses
355 2067 579 2134 diversitatem
602 2067 869 2158 appellationum
889 2067 1090 2152 retulerunt,
1142 2065 1187 2134 ad
1218 2066 1307 2140 άστυ

197 2171 420 2262 intelligentes
440 2164 623 2267 Ἀθῆναι,
652 2169 696 2238 ad
717 2163 771 2241 τά
786 2164 881 2257 θεά,
908 2170 1125 2265 Δισςκσῦρσι
1146 2169 1204 2238 vel
1226 2171 1307 2268 Δη-

198 2269 395 2372 μήτηρκαὶ
416 2265 523 2369 κάρη,
550 2272 595 2340 ad
621 2267 694 2345 θεά
718 2274 774 2340 vel
796 2272 957 2361 Μοῦσα,
982 2265 1187 2369 Καλλιόπη.
1239 2277 1308 2343 Nea

197 2377 308 2468 magis
324 2375 368 2443 ad
391 2375 524 2465 ellipses
544 2376 704 2466 pertinet,
731 2399 835 2464 quum
854 2377 995 2443 verbum
1014 2375 1214 2466 intelligitur
1237 2384 1309 2444 aute

200 2490 256 2550 aut
283 2488 402 2571 postea
427 2477 591 2570 positum,
624 2489 662 2546 ut
684 2472 799 2574 πολλῆ
822 2478 885 2573 τῆς
908 2472 1024 2573 χώρας
1030 2532 1043 2566 ,
1079 2501 1148 2566 quo
1175 2480 1309 2569 quidem

198 2582 402 2653 Sohaeferus
417 2605 485 2649 non
509 2581 654 2650 debebat
675 2604 711 2670 p.
732 2580 817 2648 274.
842 2580 912 2649 hoc
925 2579 1160 2672 Sophocleum
1175 2584 1309 2668 referre,

200 2681 354 2780 προβάά
382 2679 441 2759 ἐπ’
470 2685 622 2773 ἔσχατον
649 2676 829 2778 θράσους,
870 2684 948 2772 quia
981 2693 1105 2775 poetae
1145 2708 1216 2753 non
1247 2687 1309 2756 hac

200 2788 328 2871 forma,
377 2785 437 2853 sed
464 2796 583 2853 neutro
623 2809 749 2880 genere
787 2795 941 2872 utuntur,
981 2797 1019 2856 ut
1059 2789 1243 2880 Euripides
1279 2791 1310 2858 iu

201 2889 323 2959 Oreste
346 2911 378 2956 v.
405 2885 492 2955 441.

135 3038 198 3105 116
308 3020 336 3098 ά
352 3026 498 3125 μέλεος,
524 3021 618 3122 ἥκεις
645 3026 831 3124 ξυμφοράς
856 3030 904 3122 εἰς
933 3024 1149 3118 τοῦσχατον.
1280 3057 1281 3060 ’

202 3163 336 3236 Caeteri
358 3183 485 3230 errores
513 3162 548 3229 in
576 3162 738 3254 fingenda
760 3165 901 3232 nominis
929 3160 1053 3254 ellipsi,¹
1085 3167 1146 3254 qui
1168 3166 1312 3256 aliquam

202 3269 296 3360 apud
308 3267 481 3356 imperitos
495 3265 782 3335 verisimilitudinis
801 3269 950 3361 speeiem
967 3268 1096 3337 habere
1110 3280 1270 3360 possunt,
1295 3292 1313 3337 e

203 3371 425 3440 diversissimis
444 3372 592 3438 fontibus
612 3381 796 3439 manarunt.

303 3475 356 3542 Ao
368 3473 516 3562 primum
533 3497 636 3565 saepe
653 3475 785 3565 ellipsin
800 3472 952 3543 videmus
973 3473 1018 3541 ad
1041 3474 1199 3545 auxilium
1213 3498 1314 3548 voca-

200 3586 271 3646 tam
291 3599 378 3662 esse,
414 3577 473 3644 ubi
494 3576 577 3644 nihil
598 3599 734 3666 prorsus
760 3586 847 3660 erat,
881 3577 975 3664 quod
992 3577 1173 3646 desiderari
1193 3588 1315 3672 posset.

199 3679 242 3748 ld
269 3703 375 3768 quum
397 3679 479 3748 alibi
501 3680 630 3748 factum
655 3690 721 3765 est,
747 3689 819 3747 tum
834 3702 870 3769 p.
892 3679 997 3766 267,
1022 3680 1082 3748 ubi
1106 3682 1151 3750 ad
1168 3689 1315 3781 φρονεῖν

202 3784 399 3874 intelligunt
418 3785 533 3876 μέγα,
567 3783 663 3871 quod
687 3784 759 3850 iure
779 3784 983 3873 improbavit
1005 3784 1230 3873 Semeleius,
1261 3784 1316 3875 qui

200 3887 325 3955 vellem
339 3887 432 3954 idern
446 3886 578 3954 fecisset
591 3908 627 3974 p.
642 3884 745 3971 lau,
760 3887 818 3954 ubi
838 3886 908 3959 τοῦ
927 3882 1040 3984 μηνός
1045 3941 1059 3976 ,
1086 3887 1149 3984 τῆς
1167 3887 1314 3985 ἡμέρας,

203 3999 237 4058 et
258 3990 378 4057 similia
401 3990 448 4058 sio
475 3988 543 4058 diei
562 3989 836 4073 existimantibus,
872 3997 908 4057 ut
932 3984 1086 4063 ἑκάστου
1108 3998 1143 4058 et
1166 3985 1317 4088 ἑκάστης

204 4093 362 4160 omissum
382 4094 443 4176 sit,
477 4090 618 4160 aceedit.
676 4093 723 4160 At
744 4091 870 4161 Graeci
892 4091 952 4160 hic
978 4115 1047 4160 uon
1077 4094 1186 4185 magis
1217 4093 1318 4185 quid-

204 4218 308 4283 quam
321 4196 494 4280 omittunt,
521 4218 623 4282 quarn
644 4195 703 4282 qui
716 4217 853 4286 prorsus
876 4196 1000 4264 eodem
1020 4197 1127 4264 modo
1146 4197 1320 4287 loquimur
1348 4245 1349 4249 =

206 4298 385 4385 Germani,
425 4308 483 4367 aut
511 4298 569 4388 qui
589 4298 739 4368 similiter
765 4308 856 4369 certe
877 4301 1011 4390 loquuti
1036 4310 1127 4387 sunt,
1160 4301 1319 4373 Romani.
