2826 4904
181 310 245 374 202
321 252 327 259 ·
409 304 468 367 DE
490 303 674 366 ELLIPSI
694 303 752 364 ET
772 303 1059 367 Puuonusno

177 478 250 553 τών
265 471 399 573 ἐνάραν
419 477 592 561 scribitur,
617 475 701 544 nihil
712 476 867 546 relictum
883 485 931 545 est
944 475 1162 547 difficultatis.
1211 477 1279 545 lam

120 576 127 591 ’
178 581 265 649 enim
280 585 481 674 ψευσθεῖσα
494 585 593 660 νιίιας
615 573 828 676 άνάριισιτον
850 574 956 676 χάριν
976 581 1142 672 iungitur,
1167 578 1204 647 id
1224 590 1279 665 est,

176 681 401 776 defraudata
413 679 542 775 fluctu
559 682 745 768 victoriae,
773 694 806 751 et
828 683 965 773 quidem
982 679 1054 777 ἦρα
1074 683 1209 755 κλατών
1232 687 1279 756 ἐν·

176 780 274 883 άρων
281 840 296 874 ,
322 785 365 852 ob
386 784 501 876 spotia
515 783 561 852 ab
576 785 692 855 Aiace
708 787 841 854 auxilio
860 785 953 853 deae
968 786 1200 853 reluta.1ta
1214 785 1280 853 Xe·

175 887 319 1010 nophon
341 888 450 956 Anab.
473 888 518 954 ll.
541 887 584 973 2,
611 886 715 953 13.’
698 887 773 961 ειιεὶ
794 883 862 1009 γάρ
889 886 1006 985 η’μερα
1025 887 1179 1010 ἐγένετο,
1205 893 1280 960 ἐασ·

135 1086 140 1092 .
176 983 328 1086 ρεύονσο
353 994 391 1062 ἐν
411 990 555 1084 δεξιᾷ
535 1016 675 1081 εχσντες
698 983 764 1063 τόν
787 988 911 1085 ἥλιον,
938 983 1213 1082 λογιζόμενοι”
1190 1000 1280 1114 ηξειν

176 1091 255 1185 ἅμα
283 1090 368 1188 ἡλίῳ
396 1085 542 1165 δύνοντι
571 1095 618 1173 εἰς
644 1088 764 1186 κώμας
793 1094 856 1189 τῆς
881 1090 1120 1185 Βαβυλωνίας
1152 1115 1280 1190 χώρας

175 1193 234 1266 ιιαέ
255 1196 367 1267 τοῦτο
391 1193 459 1286 μέν
482 1191 546 1267 οὐκ
567 1188 809 1290 ἐψεύσθησαν.
867 1196 937 1264 Ηία
958 1217 1094 1285 quoque
1119 1194 1208 1264 duae
1231 1196 1281 1262 lo-

175 1297 324 1365 cutiones
337 1298 461 1365 mixtae
478 1306 568 1383 sunt,
594 1320 661 1366 una
674 1304 877 1391 ψευσθεῖσα
900 1307 934 1366 et
957 1295 1021 1371 σύν
1042 1291 1280 1396 ἐψεύσθησαν,

174 1400 313 1469 altera
296 1394 477 1494 ἐψεύσατο
502 1394 608 1496 χάριν
624 1410 657 1467 et
674 1397 739 1472 οὐκ
760 1394 961 1494 ἐψεύσαντο
984 1399 1110 1474 τούτο

275 1535 348 1603 Iam
383 1535 528 1627 denique
560 1537 741 1606 secundam
770 1538 942 1607 videamus
975 1535 1153 1607 accusativi
1188 1535 1281 1603 adhi-

174 1638 279 1707 bendi
299 1638 461 1726 formam5
488 1663 575 1729 quae
597 1664 665 1707 non
691 1641 789 1708 estin
805 1641 1065 1710 commutatione
1081 1639 1280 1708 diversamm

173 1742 399 1827 locutionum,
434 1743 549 1811 sedin
579 1745 779 1836 aposiopesi.
836 1746 946 1812 Huius
968 1743 1101 1834 generis
1119 1743 1228 1813 neseio
1241 1765 1279 1808 an

173 1844 228 1912 vix
251 1843 345 1912 aliud
364 1845 471 1935 possit
494 1850 688 1937 exemplum
705 1847 870 1939 proferri,
904 1870 1006 1935 quam
1021 1839 1167 1942 γνώμην
1187 1841 1277 1942 ἐμήν,

174 1957 474 2016 commemoratum
492 1972 529 2040 p.
544 1948 631 2017 tlt).
651 1950 893 2041 Aristophanes
907 1951 941 2017 in
960 1950 1053 2018 Pace
1069 1972 1104 2021 u.
1125 1946 1210 2016 232.

275 2078 362 2259 diii
380 2080 473 2178 εἶμι·
499 2084 559 2158 aul
580 2079 650 2184 γάρ
673 2089 825 2176 ἐξιέναι,
851 2080 994 2184 γνώμην
1010 2079 1121 2184 ἐμήν,

273 2212 322 2278 με
364 2214 406 2260 ει.

108 2320 273 2392 rtoldem
292 2323 576 2393 inEcolesiazusis
591 2349 623 2398 v.
641 2322 727 2392 348.

223 2459 320 2533 Α.τι
341 2457 471 2557 irps*
445 2488 491 2533 αν
514 2463 586 2581 εἴη;
611 2460 692 2553 μών
715 2456 776 2534 ἐιι
800 2486 952 2558 αρισσον
969 2487 1057 2584 γυνη

274 2564 438 2661 νέιιληιιεν
457 2558 573 2661 αύσην
594 2563 668 2636 τών
689 2562 824 2659 pt'ltou,⁸
849 2564 890 2632 Β
907 2557 1053 2660 γνώμην
1073 2558 1104 2656 γ’
1125 2556 1222 2660 ἐμήν

35 2704 58 2753 ⁸
172 2699 248 2769 Et
237 2721 273 2768 m
290 2698 413 2788 Vespis
435 2696 521 2767 983.

275 2826 343 2928 ἐγώ
357 2827 427 2931 γάρ
442 2828 734 2965 άπεδάιιρασα”
687 2862 765 2913 νυν
791 2830 937 2933 γνώμην
954 2829 1059 2930 ἐμήν,

241 2932 402 3009 σύδ”
377 2963 424 3009 αν
445 2938 540 3011 ποτε
557 2965 580 3031 γ
584 2934 744 3011 ’ἀλλ”
721 2967 743 3033 η
767 2940 830 3028 τῆς
846 2937 960 3035 ψαιιῆς
982 2934 1232 3032 πεπλησμένας.

172 3072 267 3159 Quid
294 3071 406 3141 vero?
439 3096 520 3140 num
541 3071 632 3145 hanc
649 3076 757 3144 solam
780 3075 825 3143 rle
846 3083 898 3142 tot
922 3072 1210 3166 praepositionum
1233 3069 1278 3136 el-

170 3178 329 3268 lipsibus‚
362 3199 444 3266 quas
468 3178 671 3247 ostendimus
694 3188 822 3247 temere
844 3179 938 3248 fictas
968 3177 1088 3260 fuisse,
1128 3173 1279 3243 admitte-

171 3280 271 3350 mus?
294 3281 404 3348 lmmo
420 3289 549 3351 tantum
565 3281 675 3368 abest,
700 3292 739 3351 ut
751 3282 810 3351 hio
829 3281 1011 3352 commode
1025 3279 1179 3348 videatur
1192 3267 1281 3349 κατά

171 3384 316 3475 intelligi
334 3406 454 3473 posse,
486 3394 524 3453 ut
548 3385 575 3453 si
597 3414 693 3458 αασα
684 3379 909 3469 adiicietur,
941 3406 1053 3453 sensus
1075 3382 1182 3472 longe
1201 3379 1282 3445 alius

172 3509 329 3555 evasurus
352 3487 406 3552 sit.
439 3488 730 3575 quemadmodum
752 3489 846 3580 apud
867 3486 1101 3580 Euripidem
1091 3507 1127 3553 m
1144 3481 1282 3552 Andro·
1314 3535 1317 3539 ⁴

171 3586 295 3662 macha
324 3610 356 3656 v.
381 3585 469 3656 738.

273 3724 365 3798 ὅταν
385 3725 424 3800 δέ
446 3721 551 3800 τάνεῐ
570 3726 629 3799 θώ
642 3721 737 3801 κατά
750 3721 895 3826 γνώμην
911 3721 1015 3824 ἐμην,

270 3826 351 3925 ἥξω.

170 3965 250 4051 Quo
277 3965 388 4058 magis
420 3964 590 4051 adducor,
626 3975 664 4034 ut
695 3959 837 4060 γνώμην
868 3958 958 4062 ἐμην
982 3988 1045 4056 per
1071 3962 1285 4054 aposiopesin

170 4069 238 4138 diei
259 4079 377 4161 putem
400 4090 465 4159 pro
492 4062 636 4163 γνώμην
658 4062 747 4162 ἐμην
771 4070 912 4158 λέγειν,
948 4076 987 4136 ut
1015 4069 1156 4152 dicum,
1191 4064 1285 4158 quod

168 4171 287 4239 sentio.
337 4173 426 4239 Nam
445 4172 545 4240 etiam
570 4172 650 4239 alibi
671 4172 783 4238 similis
805 4171 968 4242 invenitur
987 4171 1215 4264 aposiopesis,
1251 4176 1287 4236 ut

170 4271 264 4365 apud
276 4273 539 4369 Aristophanem
559 4276 593 4344 iu
613 4275 739 4346 Avibus
760 4297 791 4341 v.
811 4272 896 4342 274.
