2826 4904
212 359 253 422 12
477 357 550 418 DE
613 355 1069 416 FVNDAMENTO

211 529 299 598 Nam
314 551 355 598 ex
376 551 418 600 eo
432 529 482 596 ius
505 529 645 618 aliquod
663 528 707 596 ad
725 528 933 619 puniendum
954 528 1143 613 deducere,
1169 529 1262 617 quod
1280 528 1325 594 ad

212 633 295 701 alios
310 634 354 700 ab
368 632 522 701 iniustitia
537 632 753 701 deterrendos
771 632 889 722 poenis
904 655 989 722 opus
1005 633 1055 717 sit,
1077 631 1113 698 id
1129 655 1210 699 vero
1223 633 1325 721 plane

209 736 363 825 ineptum
388 743 444 804 est.
495 735 644 803 Primum
668 736 755 803 enim
781 735 830 803 ius
851 745 991 802 nonest
1016 735 1156 802 utilitate
1183 735 1324 802 metien-

210 838 310 923 dum,
335 838 396 905 nisi
416 837 542 905 virtutis
563 839 679 929 legem
694 840 729 904 in
749 836 911 905 effrenata
931 837 1071 905 libidine
1091 837 1325 905 collocandam

210 950 387 1030 putamus:
413 939 536 1009 deinde
553 962 634 1009 vero
649 950 776 1009 tantum
798 941 908 1026 abest,
932 950 970 1007 ut
984 939 1126 1007 aliorum
1147 940 1325 1007 terrendo-

114 1110 116 1117 ,
210 1064 286 1119 rum
302 1065 417 1111 caussa
430 1043 502 1110 iure
515 1044 632 1133 punire
647 1065 850 1133 quemquam
862 1043 978 1132 possiS,
991 1052 1029 1110 ut
1043 1043 1094 1109 illi
1106 1043 1170 1132 ipsi
1182 1064 1250 1109 non
1262 1043 1325 1109 ali-

209 1154 423 1237 ter'poenam
439 1146 593 1232 timeant,
608 1146 670 1213 nisi
686 1147 712 1213 si
725 1147 776 1213 ius
791 1145 835 1214 ad
850 1167 885 1212 se
899 1145 1087 1236 puniendos
1101 1145 1163 1213 tibi
1176 1168 1247 1213 esse
1259 1145 1325 1212 sci-

211 1256 277 1316 ant.
311 1249 399 1315 Nam
418 1250 445 1316 si
457 1249 599 1334 viribuS,
620 1271 688 1316 non
699 1249 787 1333 iure,
804 1248 909 1317 fretus
924 1269 1052 1338 poenas
1065 1270 1236 1331 exerceaS,
1252 1247 1325 1315 iure

210 1351 262 1417 illi
285 1352 441 1419 iniustam
455 1353 523 1419 vim
544 1375 617 1418 ase
636 1351 826 1421 defendent.
879 1350 1009 1434 Quodsi
1029 1351 1132 1441 igitur
1152 1349 1324 1440 puniendo

213 1476 275 1539 eo,
303 1477 412 1544 aquo
436 1455 543 1522 laesus
563 1455 683 1540 fueris,
708 1455 778 1522 aliis
793 1461 920 1521 metum
939 1453 1167 1540 iniiciaS‚q11i,
1190 1454 1218 1519 si
1241 1452 1325 1542 quid

210 1556 316 1626 similo
338 1557 546 1641 admiserint,
573 1581 609 1624 se
629 1559 783 1648 punitum
800 1557 858 1641 iri,
883 1558 955 1624 iure
976 1556 1146 1640 nimirum,
1174 1556 1322 1622 videant:

210 1682 347 1728 necesse
360 1669 424 1745 est,
449 1669 487 1727 ut
501 1682 790 1748 unumquemque,
816 1659 874 1747 qui
886 1659 1002 1726 iniuria
1015 1669 1049 1728 te
1061 1657 1231 1740 affecerit,
1256 1679 1324 1746 pu-

101 1810 104 1818 ·
209 1761 281 1829 nire
298 1762 422 1851 possis,
453 1785 562 1850 neque
587 1763 623 1829 id
646 1763 837 1830 deterrendi
860 1764 1052 1849 cuiusquam
1074 1784 1188 1829 caussa
1210 1760 1324 1829 facere

211 1886 297 1953 opus
309 1862 446 1931 habeas.
497 1865 594 1955 Er’go
617 1867 675 1953 qui
693 1865 805 1956 puniri
822 1865 969 1952 aliquem
992 1887 1093 1954 posse
1108 1862 1322 1946 contendunt,

208 1975 247 2035 ut
262 1965 318 2033 alii
334 1966 396 2033 sibi
409 1965 563 2051 timeant,
579 1968 603 2034 ii
616 1968 666 2035 ius
678 1967 838 2058 puniendi
856 1988 896 2036 ex
910 1989 951 2034 eo
965 1967 1132 2050 derivant,
1147 1965 1240 2052 quod
1255 1965 1324 2031 sine

208 2067 280 2136 iure
298 2068 459 2159 puniendi
484 2093 527 2137 ne
542 2070 684 2160 cogitari
698 2069 834 2159 quidem
848 2077 967 2159 potest.
1020 2069 1199 2138 Caeterum
1214 2067 1324 2156 ipsum

207 2193 340 2264 poenae
357 2194 497 2258 nomen,
523 2173 584 2240 ubi
604 2173 649 2239 de
669 2173 761 2241 malo
784 2170 973 2239 deterrendi
995 2193 1108 2241 caussa
1128 2169 1322 2237 adhibendo

209 2274 330 2366 agitur,
349 2297 470 2365 parum
484 2284 599 2364 aptum
609 2284 667 2342 est.
692 2277 781 2343 Nam
789 2275 817 2341 si
828 2297 1031 2362 quemquam
1045 2273 1140 2342 malis
1154 2274 1197 2339 ab
1206 2272 1323 2338 iniuria

206 2375 364 2446 facienda
379 2399 536 2447 coercere
548 2379 638 2463 licet,
655 2379 683 2444 is
698 2399 835 2465 quoque
848 2378 941 2444 malo
957 2386 1070 2467 posset
1082 2376 1184 2459 affici,
1199 2375 1257 2461 qui
1270 2376 1322 2441 ni-

207 2477 340 2546 bildmn
364 2480 475 2548 iniusti
501 2481 732 2565 commisisset,
758 2479 818 2546 sed
839 2472 942 2567 quem
963 2489 1075 2547 tamen
1088 2501 1207 2568 parare
1222 2477 1322 2545 alicui

208 2582 369 2650 damnum
381 2592 555 2651 constaret.
586 2582 817 2663 Quamobrem
835 2581 862 2646 si
883 2604 924 2648 ex
937 2581 1009 2647 iure
1033 2581 1115 2663 alios
1132 2579 1322 2646 deterrendi

209 2684 254 2751 ab
269 2683 403 2769 iniuria,
430 2682 595 2770 siquidem
608 2683 675 2749 tale
697 2682 747 2748 ius
765 2704 906 2768 usquam
933 2689 1091 2764 exstaret,
1115 2681 1165 2747 ius
1183 2681 1321 2769 aliquod

208 2784 253 2852 ad
272 2785 479 2874 puniendum
498 2784 735 2852 deducendmn
756 2794 858 2868 esset,
885 2784 933 2853 sic
953 2784 1012 2850 illa
1034 2783 1213 2872 disputatio
1232 2786 1321 2852 foret

207 2886 416 2971 instituenda,
430 2896 479 2971 ut,
491 2888 550 2975 qui
562 2888 634 2955 iure
649 2896 776 2955 metum
793 2886 864 2953 aliis
880 2886 1022 2955 excitare
1035 2896 1158 2977 posset,
1175 2887 1206 2953 ei
1219 2888 1321 2955 licere

205 2980 438 3058 ostenderetur
451 2990 545 3074 illos,
563 2999 747 3081 propterea
761 2989 855 3077 quod
873 3013 908 3056 se
921 2989 1106 3073 laesissent,
1132 2990 1223 3055 malo
1238 3013 1320 3057 one·

206 3116 291 3162 rare.
344 3093 457 3177 Quum
475 3093 564 3159 enim
584 3115 698 3182 poena
712 3093 752 3160 sit
774 3093 988 3180 consequutio
1002 3093 1081 3159 mali
1093 3115 1156 3181 per
1169 3093 1320 3160 iniuriam

207 3205 393 3266 contracta:
416 3218 493 3263 -non
515 3196 649 3283 quaevis
676 3196 759 3263 mali
789 3195 834 3263 ad
861 3195 1097 3263 deterrendum
1126 3203 1320 3284 comparata

205 3296 332 3384 illatio,
359 3297 419 3366 sed
440 3322 480 3366 ea
497 3307 644 3384 tantum,
678 3321 765 3389 quae
789 3308 991 3392 propterea,
1025 3297 1118 3385 quod
1137 3298 1319 3364 laesionem

178 3456 182 3469 .
206 3410 380 3490 sequatur,
404 3402 677 3492 intemperantiae
697 3403 829 3472 frenum
840 3404 1007 3493 imponat,
1025 3423 1138 3491 poena
1150 3410 1241 3468 recte
1257 3423 1318 3468 vo-

206 3505 345 3574 cabitur.

306 3607 423 3678 Tertia
443 3607 590 3696 denique·
608 3609 677 3694 via,
703 3632 770 3700 qua
791 3629 977 3699 poenarum
1001 3605 1239 3697 irrogationem
1255 3630 1316 3673 na·

179 3720 182 3726 '
205 3704 304 3780 turali
315 3711 386 3779 iure
403 3712 565 3779 contineri
580 3712 717 3800 quidam
733 3712 974 3796 existimarunt,
1001 3734 1042 3777 ea
1056 3718 1121 3793 est,
1148 3710 1239 3777 cuius
1257 3731 1317 3776 au-

207 3824 281 3887 ctor
291 3815 356 3882 fuit
366 3814 473 3905 Hugo
490 3815 645 3900 GrotiuS,
660 3817 768 3883 brevis
782 3815 841 3881 illa
855 3814 1009 3904 quidem,
1027 3813 1087 3880 sed
1103 3815 1317 3902 perobscura.

204 3917 321 3984 Verba
336 3914 545 3987 Grotiihaec
560 3928 651 4003 sunt,
676 3919 721 3990 ll.
736 3918 797 4001 20,
812 3916 847 3984 2.
881 3917 1052 4001 „Ventum
1067 3925 1179 3983 tamen
1193 3925 1259 4000 est,
1285 3915 1318 3980 in

206 4020 351 4110 „poenis
364 4020 475 4110 primo
492 4041 533 4088 ac
547 4043 610 4110 per
624 4045 660 4089 se
673 4020 819 4091 exerceri
834 4020 1048 4108 expletricem
1061 4020 1225 4099 iustitiam
1242 4018 1318 4106 quia

206 4122 364 4206 „scilicet
383 4123 441 4211 qui
467 4122 581 4214 punit,
603 4132 640 4190 ut
663 4133 756 4193 recte
777 4123 909 4214 puniat,
933 4124 981 4191 ius
1004 4122 1131 4189 habere
1150 4120 1253 4186 debet
1273 4120 1317 4187 ad

207 4272 229 4309 „
237 4224 464 4313 puniendum,
489 4226 584 4315 quod
602 4226 652 4292 ius
669 4249 710 4293 ex
723 4226 848 4294 delicto
864 4227 1010 4296 nocentis
1027 4224 1178 4291 nascitur.
1204 4224 1317 4311 Atque

207 4326 592 4418 „hacinreestaliquid
607 4329 701 4418 qnod
716 4329 760 4398 ad
770 4338 1000 4400 contractuum
1008 4337 1158 4394 naturam
1172 4327 1316 4396 accedit:
