2826 4904
227 275 291 366 ¹roo
453 297 512 362 σε
538 294 720 360 οιιιιει
747 295 805 360 nr
825 294 1113 360 rnnoursuo

222 370 230 405 l

327 465 426 594 νῦγιο
450 466 610 593 δρομαία
629 464 734 565 βῦσ,
761 462 917 564 ὅσονπερ
931 469 1106 559 ἔσθενον,

329 603 380 669 πφ
368 574 500 646 παιδὶ
518 566 639 669 φρῦζω
653 572 715 669 τῆς
730 565 971 669 κασιγνήτης
956 565 1061 645 τάδε·

161 712 289 781 lasabi
306 709 521 802 Musgravius
541 709 631 776 male
646 714 744 799 putat
765 707 950 800 genitipnm
971 706 1111 775 everbo
1123 698 1246 802 φρῦζω
1259 727 1352 797 pen-

228 815 320 881 dere.
372 814 481 882 Recte
504 835 583 881 eum
603 808 796 879 Erfurdtins
821 831 899 880 cum
920 809 1101 878 scholiasta
1116 808 1229 904 adrpi
1242 809 1352 881 παιδὶ

85 1004 89 1011 ⁵
227 916 341 984 refert.
406 917 495 984 Nam
519 915 546 982 si
565 915 610 984 ad
640 906 762 1012 φρῦζω
789 914 992 1004 pertineret,
1028 913 1146 983 abesse
1170 919 1352 1005 oporteret

228 1019 404 1088 articulum
423 1017 497 1116 τῆς.

330 1223 491 1314 Superest
519 1220 603 1289 alins
630 1220 769 1312 genitivi
798 1221 935 1292 nomino
967 1219 1110 1292 carentis
1143 1203 1244 1308 ms,
1275 1242 1348 1310 qno

228 1335 319 1396 recte
335 1327 506 1395 intellecto
522 1324 641 1416 ingens
660 1324 827 1415 ellipsium
843 1348 999 1392 numerus
1014 1333 1218 1392 removetur.
1244 1322 1347 1392 Obti-

228 1439 285 1497 net
301 1431 388 1500 enim
402 1451 466 1519 per
481 1450 615 1495 omnem
636 1427 806 1496 Graecam
820 1427 990 1518 linguam,
1015 1436 1069 1513 ut,
1095 1427 1190 1497 cuius
1210 1428 1263 1495 rei
1281 1425 1347 1502 ali-2

228 1556 296 1622 qua
309 1555 387 1623 pars
373 1531 625 1622 intelligatur,
652 1553 693 1599 ea
706 1553 759 1598 res
781 1531 903 1598 omisso
916 1530 1021 1622 partis
1037 1530 1173 1597 nomine
1186 1551 1266 1599 casu
1279 1552 1348 1622 ge-

226 1636 329 1704 nitivo
355 1635 545 1705 cumomni
567 1656 694 1725 genere
719 1635 918 1719 verborum,
952 1655 1202 1723 quemcumque
1226 1657 1266 1702 ea
1286 1655 1346 1702 ca-

227 1761 301 1806 sum
325 1740 388 1807 sibi
409 1738 549 1829 adiungi
570 1738 758 1828 postulent,
797 1738 943 1807 construi
964 1738 1079 1830 possit
1145 1734 1343 1806 Cuiusmodi

227 1851 321 1926 sunt,
364 1839 573 1920 ἅπτεσθαι,
620 1829 818 1914 ἀπολαύειν
856 1833 974 1921 τινός·
1022 1840 1219 1934 ἔργεσθαι,
1262 1845 1346 1913 θεῖν
1399 1902 1402 1908 .

221 1943 374 2016 πεδίου·
416 1943 594 2039 πληροῦν,
633 1942 757 2037 γέμειν
794 1936 913 2024 τινός·
953 1940 1115 2016 λοῦσθαι
1152 1940 1343 2036 ποταμοῦ·

133 2080 142 2153 ⁴,
228 2046 323 2138 (vide
343 2046 438 2114 Bosii
456 2045 582 2112 librum
602 2065 640 2135 p.
661 2041 747 2111 oto.
767 2040 853 2111 675.
879 2041 966 2112 685.
989 2042 1077 2113 687.
1096 2042 1201 2135 709.)
1227 2055 1262 2113 et
1282 2045 1343 2112 alia

226 2148 489 2217 innumerabilia.
541 2146 717 2235 inquibus
737 2145 891 2215 formulis
911 2148 1065 2217 omnibus
1079 2170 1148 2216 non
1163 2149 1341 2240 praeposi-

225 2254 325 2320 tionis
348 2251 420 2318 ulla
435 2246 564 2340 ellipsis
583 2243 650 2335 est,
677 2250 738 2318 sed
760 2251 901 2318 nominis
921 2252 1085 2321 indefiniti
1106 2250 1154 2324 τί.
1206 2251 1339 2320 Eodem

225 2355 390 2445 loquendi
412 2353 517 2422 modo
539 2354 702 2422 Germani
729 2361 882 2439 utuntur,
915 2354 1036 2425 eadem
1058 2375 1136 2423 cum
1153 2355 1267 2447 ellipsi
1290 2344 1350 2422 di?

226 2469 357 2544 centes,
382 2456 448 2527 des
465 2479 588 2549 weges
602 2456 732 2548 gelren,
759 2457 824 2526 des
836 2458 964 2527 weines
976 2455 1121 2543 trinken,
1153 2468 1255 2548 atque
1269 2458 1340 2526 alia

226 2562 299 2630 Sed
313 2560 481 2651 quaedam
502 2559 625 2629 suntin
645 2559 716 2628 hoc
736 2581 863 2650 genere
889 2562 1036 2649 rariora,
1061 2569 1099 2629 ut
1117 2560 1271 2634 κτείνειν
1286 2558 1341 2633 λί-

224 2674 316 2744 θων,
343 2672 643 2736 commemoratum
663 2685 700 2753 p.
715 2658 820 2742 675.;
845 2663 1014 2751 quaedam
1033 2673 1144 2733 antem
1167 2664 1340 2735 difficilio-

225 2788 284 2851 ra,
327 2776 384 2850 nt,
425 2766 519 2855 qnod
550 2788 686 2857 prorsus
716 2765 910 2859 neglectum
932 2768 1037 2836 estin
1064 2767 1151 2835 libro
1182 2767 1339 2851 Bosiano,

227 2864 402 2963 ingentior
426 2865 595 2964 ἀγγελίης.
657 2867 771 2952 Quare
800 2867 870 2940 hoc
894 2871 1009 2962 paucis
1031 2870 1248 2961 explicemus.
1298 2871 1342 2938 Et

225 2992 330 3060 quum
358 2971 571 3061 grammatici
594 2971 733 3059 qnidam
757 2994 881 3040 nomen
904 2970 1063 3072 α’γγελίης
1091 2973 1185 3062 apud
1207 2974 1341 3042 Home-

224 3096 301 3142 rum
314 3074 486 3141 masculini
502 3076 635 3167 generis
652 3096 741 3158 esse,
767 3098 930 3164 eumque,
959 3077 1017 3166 qni
1036 3078 1175 3144 nuncius
1193 3079 1340 3145 mittere·

223 3186 295 3263 tur,
321 3176 512 3268 significare
533 3177 765 3262 credidissent,
800 3178 1002 3271 impugnare
1029 3178 1120 3250 hanc
1145 3181 1341 3271 opinionem

84 3363 90 3371 ι
159 3300 406 3372 159aggressns
431 3290 481 3350 est
505 3280 718 3351 Hermannus
744 3280 878 3351 Tollius
903 3283 938 3350 in
960 3283 1109 3353 seeundo
1130 3307 1273 3356 excursu
1297 3283 1342 3352 ad

224 3384 404 3474 Apollonii
423 3383 557 3454 lexicon
575 3385 808 3455 Homericum.
860 3386 929 3471 Qui
946 3411 1051 3476 quum
1067 3396 1160 3456 recte
1177 3410 1259 3455 sane
1274 3409 1342 3455 non

141 3497 148 3542 f
224 3485 320 3559 aliud
343 3509 484 3572 nomen,
521 3511 624 3576 qnam
648 3490 845 3557 femininum
875 3485 1017 3587 αγγελίη
1045 3500 1224 3582 agnoscat,
1258 3490 1342 3558 mire

223 3599 337 3658 tamen
352 3589 480 3658 fallitur
493 3592 529 3659 in
538 3614 601 3659 usu
615 3591 685 3659 eius
696 3591 837 3658 nominis
852 3592 1076 3681 expediendo.
1128 3597 1181 3664 Ac
1201 3593 1343 3685 primus,

223 3716 293 3786 qno
308 3693 425 3777 utitur,
449 3702 572 3785 poetae
585 3694 682 3762 locus
698 3704 748 3761 est
767 3694 865 3762 iliad.
888 3695 948 3764 lv.
971 3694 1058 3764 384.

327 3825 410 3906 ἔνθ’
425 3820 514 3904 αὖτ’
532 3827 696 3929 α’γγελιήν
709 3827 766 3904 ἐπὶ
784 3835 820 3906 Τ
815 3829 882 3929 edri
897 3837 1041 3907 στεῖλαν
1056 3829 1212 3923 Ἀχαιοί.

222 3967 292 4038 Vbi
312 3988 390 4037 cum
406 3966 584 4036 Enstathio
605 3967 709 4036 verba
737 3967 784 4039 sic
806 3967 931 4061 iungit,
963 3969 1063 4066 Τυδῆ
1090 3965 1149 4043 ἐπ’
1174 3965 1342 4068 α’γγελίην

222 4076 384 4146 στεῖλανε
415 4070 511 4161 quod
530 4079 567 4140 ut
588 4070 663 4139 fieri
680 4073 786 4162 possit
812 4095 876 4163 per
896 4069 1034 4163 linguae
1057 4074 1171 4166 leges,
1198 4096 1268 4141 non
1290 4082 1343 4142 est

223 4181 337 4242 tamen
355 4176 401 4242 ob
416 4197 548 4244 versum
560 4174 771 4260 faciendum,
796 4176 855 4264 qni
870 4175 917 4245 sie
932 4177 968 4243 in
986 4176 1070 4245 duas
1086 4178 1245 4266 aequales
1258 4199 1344 4267 par.

223 4283 292 4363 λινε,
319 4300 538 4371 magnacum
556 4279 724 4350 snadtatis
744 4299 961 4351 numerorum
983 4279 1181 4373 dispendio,
1206 4279 1347 4350 divide·
1372 4293 1378 4300 ’·
