2826 4904
174 335 239 397 806
379 329 438 390 DE
469 329 674 434 blatteo
702 329 752 390 IN
778 326 1083 391 nounuonvtt
1140 330 1144 335 ’

175 525 243 596 que
266 524 355 571 anus
379 504 415 571 in
441 524 651 595 quemquam
676 523 845 594 amqttam
868 502 1027 595 gratior,
1054 522 1163 593 quarn
1177 499 1214 568 in
1234 521 1300 597 me

174 607 345 675 universi:
375 606 442 686 sed
466 614 586 675 tamen
618 604 709 673 illud
739 605 881 697 scripsit
906 606 1155 673 disertissimus
1176 611 1296 695 poeta

169 730 242 802 pro
272 731 350 787 rne‚·
383 711 460 802 egit
481 708 702 803 fortissimus
735 716 855 793 actor,
888 730 956 777 aon
981 709 1095 776 solam
1127 704 1294 798 optimus,

174 813 223 880 de
252 833 325 896 me,
359 835 465 904 quam
487 834 605 880 omnes
628 812 772 880 ordines
795 811 1070 896 deraorrstraret,
1114 817 1293 893 senatum,

175 916 306 1007 equites
328 915 526 1000 Romanos,
552 916 752 983 aduersum
768 916 941 1006 populum
954 914 1157 981 Romanum
1179 935 1295 981 accu-

173 1026 289 1087 saret:
322 1019 534 1088 exsulare
565 1018 738 1101 sinitis,
775 1018 903 1086 sistis
935 1017 1073 1108 pelli,
1103 1016 1295 1107 pulsum

168 1122 395 1212 patimini.
469 1120 574 1216 Quae
610 1128 684 1188 tam
719 1118 937 1214 sigmficatio
964 1119 1085 1213 fiterit
1125 1119 1294 1203 mnam,

173 1246 267 1316 qaae
286 1225 489 1292 declaratio
508 1224 696 1292 uoluntatis
717 1221 765 1290 ab
788 1224 949 1292 aniverso
970 1223 1104 1315 populo
1125 1221 1296 1289 Romano

174 1329 210 1395 in
240 1349 369 1395 caussa
401 1327 549 1395 bominis
576 1348 646 1393 non
668 1326 875 1417 popularis,
916 1327 1078 1417 equidem
1113 1324 1296 1392 audieba-

174 1452 271 1498 mus:
296 1430 500 1498 existimare
519 1428 673 1522 facilius
691 1437 858 1519 possunt,
892 1431 952 1520 qui
974 1427 1176 1522 adficerant.
1229 1427 1295 1511 Et,

174 1535 340 1625 queniam
363 1555 420 1599 mc
441 1532 510 1600 bac
528 1531 696 1624 quorrexit
717 1532 847 1615 oratio,
875 1532 998 1600 histrio
1026 1553 1147 1599 casum
1173 1553 1297 1620 oneum

174 1637 275 1704 toties
292 1635 566 1718 collacrimavit,
593 1633 768 1726 quantita
792 1634 953 1702 dolenter
975 1642 1104 1727 ageret
1125 1656 1298 1702 caussam

172 1761 314 1823 meam,
346 1746 385 1805 at
410 1761 479 1807 vox
506 1738 580 1805 cias
604 1738 670 1805 illa
689 1737 891 1827 praeclara
912 1738 1070 1807 lacrimis
1097 1732 1296 1828 impedire-

174 1849 242 1909 tur.
295 1840 419 1932 Neque
438 1847 588 1932 poetae,
628 1860 776 1931 quorum
802 1862 872 1932 ego
896 1862 1037 1934 semper
1060 1840 1210 1932 ingenia
1235 1839 1297 1906 di-

174 1945 264 2027 lexi,
307 1945 457 2035 tempori
486 1965 563 2010 meo
594 1941 801 2034 diffamant:
835 1964 947 2034 eaque
966 1945 1124 2035 populus
1152 1942 1296 2011 Roma-

173 2069 239 2114 nus
264 2069 332 2114 non
363 2046 476 2114 solum
496 2046 647 2137 plausa,
683 2045 750 2112 sed
779 2046 888 2113 etiam
920 2047 1059 2137 gemitu
1101 2067 1165 2113 sao
1195 2067 1298 2114 com-

169 2148 348 2242 probavit.
422 2148 545 2216 Vtrum
578 2149 693 2240 igitur
726 2147 817 2216 baec
854 2149 1035 2240 Aesopum
1071 2149 1188 2240 potius
1221 2170 1299 2240 pro

174 2275 252 2338 me,
288 2259 352 2320 ant
376 2251 514 2320 Attium
548 2251 669 2319 dicere
704 2252 873 2343 oportuit,
908 2253 940 2319 si
967 2252 1122 2344 populus
1153 2250 1298 2319 Roma-

174 2379 242 2425 nus
272 2354 362 2424 liber
396 2361 503 2443 esset,
544 2376 592 2422 aa
628 2354 812 2447 principes
850 2350 1029 2424 civitatis?
1074 2352 1299 2423 Nominatim

175 2481 254 2529 sum
285 2459 490 2550 appellatas
524 2459 560 2525 in
591 2457 722 2525 Bruto:
780 2457 977 2542 Tullius,
1022 2459 1103 2549 qui
1145 2456 1298 2526 liber-

175 2569 319 2630 tatem
354 2560 534 2630 civibus
565 2558 877 2629 stabiliverat.
929 2560 1064 2629 Millies
1088 2568 1299 2629 revocatum

73 2718 76 2727 ,
176 2674 237 2733 est.
299 2666 372 2731 lam
406 2664 528 2731 nemini
560 2662 724 2755 posthac,
764 2686 881 2755 spero,
921 2666 956 2731 in
992 2672 1140 2732 mentem
1172 2665 1299 2750 veniet,

175 2768 338 2836 Roscium
371 2769 613 2857 Aesopumque
655 2767 806 2835 diverbia
845 2768 1007 2859 gregibus
1039 2767 1104 2851 suis
1138 2767 1299 2855 reliquis-

177 2893 232 2955 se,
264 2871 354 2960 ipsos
380 2879 492 2937 autern
516 2871 587 2936 sola
613 2870 721 2960 egisse
746 2871 892 2955 cantica,
928 2893 992 2938 nec
1023 2891 1143 2937 vocem
1176 2893 1298 2947 corum

129 2973 213 3040 trin
254 2994 354 3040 scena
393 2995 464 3039 esse
509 2972 674 3050 auditam3
725 2973 833 3039 multo
868 2973 994 3059 minus,
1035 2974 1204 3044 cauticum
1239 2972 1298 3040 di-

177 3085 271 3145 ctum
297 3097 385 3159 esse,
412 3075 439 3141 si
469 3074 606 3162 quando
631 3075 756 3142 tibicen
780 3075 875 3143 finito
900 3087 978 3145 actu
1002 3077 1085 3145 tibia
1110 3077 1297 3162 cecinisset,

178 3191 236 3249 aut
269 3179 315 3246 ad
346 3179 426 3246 istos
457 3177 602 3246 tibicinis
635 3199 733 3245 sonos
767 3188 916 3247 actorem
948 3180 1113 3268 aliquem,
1151 3188 1186 3247 et
1217 3180 1296 3268 qui-

178 3284 259 3351 dem
284 3283 467 3374 primarum
494 3283 658 3372 partium,
699 3282 813 3350 nescio
837 3283 921 3372 quid
953 3283 1089 3352 mimica
1121 3282 1297 3352 saltatione
1333 3349 1335 3355 ,

179 3388 390 3477 expressisse.
449 3383 519 3455 ¹Sed
554 3385 640 3452 illud
673 3408 740 3452 non
774 3394 824 3453 est
854 3387 888 3452 in
919 3384 989 3456 hoc
1015 3385 1186 3455 Ciceronis
1212 3385 1297 3455 loco

178 3489 438 3581 negligendum,
471 3489 567 3576 quod
586 3510 709 3576 neque
742 3510 863 3556 canere
896 3512 1038 3579 usquam
1065 3488 1147 3556 dicit
1184 3491 1301 3565 Aeso-.

178 3616 280 3684 pum,
307 3615 417 3680 neque
438 3591 560 3675 haec„
578 3614 665 3680 quae
691 3591 725 3657 in
750 3593 880 3660 cantico
907 3602 1017 3678 erant,
1052 3591 1144 3660 dicta
1169 3593 1213 3659 ab
1241 3616 1297 3678 eo,

175 3695 258 3789 sed,
300 3697 395 3783 quasi
429 3694 576 3762 studiose
607 3694 668 3760 illo
704 3696 809 3761 verbo
843 3697 1026 3780 abstinens,
1069 3704 1144 3764 acta
1179 3695 1297 3764 refert.

181 3800 261 3884 Quo
283 3799 340 3882 fit,
373 3807 414 3866 ut
447 3809 537 3868 certe
569 3820 637 3863 non
670 3797 893 3866 labefactetur
922 3799 1025 3882 illud,
1060 3797 1154 3887 quod
1179 3798 1298 3867 Livius

156 3903 310 3984 scribit,
353 3902 423 3968 sola
455 3903 498 3968 ab
531 3900 745 3968 histrionibus
778 3901 928 3970 diverbia
957 3901 1178 3994 pronunciata
1212 3924 1296 3970 esse.

179 4006 242 4072 llla
268 4006 374 4089 enim,
407 4026 428 4071 o
454 4012 581 4097 pater,
620 4014 672 4088 et,
705 4004 796 4073 baec
822 4007 940 4073 omnia
963 4006 1039 4074 ridi
1063 4002 1297 4098 irfiammari,

182 4131 223 4176 ex
243 4110 374 4178 cantico
400 4131 489 4192 esse,
516 4107 576 4174 nisi
596 4117 702 4174 metra
727 4107 902 4194 docerent,
929 4110 1001 4199 ipse
1016 4116 1155 4176 testatur
1172 4106 1297 4177 Cicero

46 4267 52 4273 .
181 4201 216 4276 in
235 4210 385 4293 Quaestt.
408 4212 511 4287 Tusa.
532 4211 560 4278 1.
583 4207 642 4276 35.
666 4218 705 4277 at
720 4219 817 4279 certe
830 4214 863 4280 ei
880 4214 1005 4282 melias
1018 4211 1203 4298 evenisset,
1229 4234 1300 4282 nec

162 4342 165 4349 ·
183 4321 258 4381 tam
278 4312 448 4406 flebiliter
462 4316 529 4385 illa
546 4321 775 4400 canerentur,
