2826 4904
185 344 250 409 882
582 342 910 408 DISSERTATIO‘

185 537 239 585 res
258 513 379 586 dicturi
397 516 532 585 fuissent
560 513 673 594 αὐτόν
695 513 761 593 cdv
783 518 933 611 ἔχοντα,
964 517 1086 588 eodem
1112 519 1218 589 modo
1240 522 1292 589 lo-

186 628 308 709 quutus
322 628 372 686 est
385 618 452 689 od.
475 649 499 693 ι.
515 615 601 689 25Ί.

191 798 193 802 ·
289 768 483 859 devovimus
504 768 670 871 φθόγγοι·
682 801 725 848 τι
738 754 877 871 βαρύν,
904 767 1020 848 αὐτόν
1034 802 1075 848 τι
1090 763 1252 875 πέλωρον

696 1075 773 1145 xu

595 1211 733 1296 Arisbe
771 1213 886 1280 idem

286 1388 394 1457 Venio
415 1410 504 1460 nunc
528 1389 572 1458 ad
595 1391 690 1459 illam
710 1377 990 1483 significationem
1010 1387 1150 1456 nominis
1172 1381 1294 1476 αὐτός,

184 1513 271 1580 quae
292 1504 342 1560 est
361 1493 466 1562 idem.
527 1495 640 1583 Atque
664 1495 725 1562 etsi
743 1492 845 1562 valde
872 1492 1002 1559 diversa
1034 1500 1110 1558 sunt
1141 1491 1237 1559 idem
1263 1500 1295 1558 et

89 1654 92 1659 4
182 1596 277 1687 ipse,
303 1619 409 1684 quum
429 1620 493 1687 per
510 1618 634 1664 nomen
652 1596 748 1664 idem
771 1597 1007 1686 aequiparetur
1022 1593 1149 1682 aliquid
1164 1595 1221 1661 alii
1234 1594 1295 1678 rei,

184 1698 323 1767 exclusis
346 1699 480 1788 reliquis
502 1700 619 1780 rebus3
644 1722 707 1791 per
730 1719 853 1767 nomen
875 1699 951 1789 ipse
967 1704 1077 1763 autem
1095 1697 1295 1786 aequipare-

183 1809 238 1871 tur
258 1801 337 1886 sibi,
367 1803 519 1870 seiunctis
543 1803 631 1870 aliis:
656 1811 767 1871 tamen
787 1801 946 1890 quoniam
969 1799 1139 1888 utriusque
1154 1799 1295 1867 nominis

182 1903 350 1995 opposita,
376 1904 420 1972 ad
435 1928 522 1993 quae
534 1906 735 1996 plerumque
754 1904 942 1995 respicitur,
963 1902 1125 1971 diversus
1143 1911 1177 1970 et
1191 1902 1294 1987 alius,

182 2007 350 2075 simillima
372 2017 466 2094 sunt,
491 2008 633 2076 obtinuit
652 2007 743 2099 apud
766 2007 936 2091 Graecos,
969 2014 1007 2072 ut
1034 2004 1115 2081 alius
1137 2006 1294 2074 vocabuli

181 2109 322 2201 penuria
342 2103 452 2190 αὐτός
476 2110 575 2179 etiam
597 2110 692 2179 idem
715 2109 927 2201 significaret.
979 2107 1050 2176 Sed
1069 2107 1174 2191 illud,
1199 2108 1294 2196 quod

136 2222 181 2285 b‘t
187 2211 332 2282 indicavi
348 2212 536 2299 discrimen,
566 2213 685 2304 paullo
706 2213 826 2283 clarius
841 2210 1077 2301 explicandum
1092 2220 1151 2278 est.
1190 2210 1296 2294 Quod

181 2315 341 2384 Horatius
360 2314 460 2400 dicit,
492 2314 662 2408 informes
684 2317 816 2389 hiemes
838 2314 978 2383 reducit
992 2311 1174 2406 Iuppiter:
1198 2314 1294 2382 idem

181 2417 378 2505 submovet,
404 2417 494 2489 hane
517 2420 586 2487 vim
609 2417 731 2488 habet:
757 2419 816 2508 qui
833 2415 962 2485 hiemes
988 2416 1142 2502 reducit,
1174 2417 1293 2509 Iuppi-

181 2530 233 2590 ter
249 2531 314 2602 est3
339 2523 397 2612 qui
412 2546 467 2590 eas
488 2524 680 2603 submovet,
706 2523 860 2612 luppiter
884 2532 949 2588 est:
977 2519 1126 2609 ideoque
1141 2520 1199 2609 qui
1214 2522 1295 2588 sub-

182 2633 314 2710 movet,
339 2646 407 2691 non
423 2635 473 2693 est
489 2626 636 2695 diversus
652 2626 696 2694 ab
719 2646 780 2710 eo,
806 2624 864 2713 qui
880 2622 1019 2692 reducit.
1069 2623 1294 2725 Non-potuis-

180 2738 231 2796 set
251 2727 336 2812 diei,
367 2726 531 2822 Iuppiter
553 2729 649 2797 idem
669 2727 867 2812 submovet,
893 2727 954 2794 nisi
973 2725 1078 2793 altera
1093 2727 1293 2819 praecessis-

80 2898 100 2914 „
180 2840 233 2899 set
242 2831 420 2916 sententia,
444 2830 608 2927 Iuppiter
626 2831 765 2900 reducit
782 2831 931 2899 biemest
957 2830 1036 2919 quia
1058 2853 1182 2898 nomen
1198 2829 1294 2897 idem

178 2931 323 3018 indicat,
355 2931 465 3020 hunc,
498 2935 543 3003 de
565 2956 634 3024 quo
658 2957 768 3002 sermo
792 2943 870 3019 est,
893 2932 1083 3023 comparari
1103 2955 1183 3017 cum¹
1206 2955 1293 3021 quo-

179 3034 272 3126 piam
293 3035 370 3104 alio.
420 3038 501 3107 Hoc
518 3059 619 3123 vero,
658 3036 823 3129 Iuppiter
850 3037 929 3131 ipse
947 3034 1126 3104 submovet
1149 3035 1292 3121 hiemes,

180 3148 267 3207 stare
279 3164 343 3232 per
359 3162 395 3208 se
411 3150 541 3231 potest,
566 3141 646 3229 quia
667 3141 716 3210 sio
730 3138 886 3230 luppiter
901 3139 963 3207 sibi
980 3140 1045 3229 ipsi
1066 3149 1293 3230 comparatur,

177 3266 289 3332 neque
310 3243 403 3311 aliud
426 3245 480 3317 his
503 3244 613 3313 verbis
637 3244 840 3329 continetur,
870 3264 974 3332 quam
992 3242 1080 3327 hoc,
1117 3242 1293 3334 Iuppiter,

179 3345 255 3431 bic,
281 3369 349 3414 uou
372 3346 482 3433 alius,
505 3347 685 3418 submovet
707 3346 856 3416 hiemes·
899 3348 1013 3437 Saepe
1033 3367 1115 3413 vero
1131 3345 1293 3413 nihil-re-

127 3492 129 3497 s
176 3449 260 3533 fert,
286 3458 397 3517 utrum
410 3451 574 3545 ipsse,an
531 3452 707 3535 aridem,
733 3472 918 3538 eorumque
942 3450 1101 3541 opposita
1120 3448 1293 3517 adhibeas.

177 3551 242 3635 Vt,
275 3552 459 3620 eadem
424 3577 485 3623 vro
501 3554 612 3640 redii,
637 3575 707 3622 uon
725 3553 895 3673 dicerem
920 3552 1019 3620 itte
1006 3574 1087 3644 ipsa
1107 3552 1169 3620 oio
1187 3552 1292 3636 redii,

177 3675 245 3723 nou
264 3655 351 3724 alia.
402 3657 531 3726 Hine
512 3679 596 3749 ergo
615 3651 802 3725 Graeci'
755 3647 866 3735 corde
889 3656 989 3725 etiam
1004 3677 1069 3747 pro
1085 3655 1184 3729 idem
1196 3677 1292 3723 usur-

176 3780 260 3848 pare
272 3770 480 3850 coeperunt,
506 3770 540 3830 et
552 3761 690 3848 quidem
708 3746 810 3828 etiam
829 3760 898 3826 sine
910 3755 1111 3849 pronomine
1127 3755 1149 3831 ὅ
1156 3811 1171 3846 ,
1198 3760 1292 3829 cuius

176 3860 388 3930 omissionem
407 3864 513 3943 nolim
534 3887 612 3933 cum
636 3862 824 3932 Schaefero
845 3862 889 3949 ad
913 3862 1021 3954 Greg.
1044 3860 1123 3931 Cor.
1148 3885 1185 3982 p.
1204 3861 1294 3933 3⁰3.
1328 3902 1332 3908 ·

176 3963 325 4055 Ionicaur
349 3987 489 4052 vocare,
521 3989 625 4056 quum
653 3965 827 4058 capotius
853 3964 898 4033 ad
920 3966 1095 4054 antiquum
1115 3966 1291 4055 epicorum

176 4089 364 4136 sermonem
380 4071 556 4162 pertineat.
605 4069 797 4163 Exemplis,
829 4092 917 4167 quae
945 4068 1054 4136 attulit
1086 4066 1290 4137 Schaeferus

178 4191 218 4238 ex
243 4170 340 4252 Iliad.
366 4200 407 4267 μ.
427 4170 513 4242 225.
537 4180 572 4243 et
592 4169 661 4243 od.
681 4199 720 4244 π.
745 4169 831 4277 138.
848 4171 939 4241 adde
958 4170 1079 4263 odyss,
1096 4179 1136 4244 θ.
1152 4169 1240 4244 lot.

391 4320 479 4423 ἤρχι
506 4325 545 4401 dd
565 4325 618 4423 cpi
645 4320 760 4423 αὐτήν
780 4320 891 4417 ὁδόν,
923 4324 1035 4425 ἤνπερ
1058 4333 1094 4400 οἱ
1116 4323 1231 4442 ἄλλοι.
