2826 4904
166 306 219 369 DE
231 305 341 370 clun.
356 306 400 369 IN
412 306 560 378 nonlrt.
575 307 711 374 FABVL.
727 309 897 373 semels
910 309 1167 375 mssnnrlflo.
1187 316 1252 379 291

140 477 228 546 neris
245 480 455 573 exemplum,
483 479 518 548 in
538 479 667 552 Sticho'
681 489 747 568 est,
772 489 851 552 actu
865 481 908 553 V.
923 504 1024 552 scena
1036 480 1080 567 4,
1093 475 1144 570 5,
1166 491 1201 551 et
1215 480 1252 552 6.

129 576 212 650 'Sed
229 581 335 650 habet
357 583 573 676 Boettigerus
593 584 697 652 alium
719 594 907 672 auctorem,
933 586 1120 671 Donatum,
1146 585 1205 675 qni
1218 587 1253 655 in

140 694 340 775 argumento
360 687 510 755 Terentii
529 685 679 755 Andriae
695 709 730 776 p.
747 683 808 756 85.
834 687 889 757 ed.
912 686 1080 759 Westarh.
1102 689 1150 757 sic
1167 689 1253 756 'scri-

139 785 207 855 hit:
231 795 284 881 est
302 787 416 880 igitur
436 797 567 858 attente
584 789 953 877 animadvertendam,
979 790 1040 860 nbi
1061 798 1095 859 et
1109 790 1252 882 wando

138 910 246 958 sceno
265 913 384 962 vocuo
407 892 454 960 sit
476 890 524 960 ab
547 890 705 962 omnibns
725 893 907 984 personia,
938 894 1034 963 utin
1058 915 1103 961 ea
1124 892 1253 962 chorus
1371 940 1373 945 .

138 993 196 1061 vel
224 991 351 1062 tibicen
380 994 501 1064 audiri
521 996 652 1086 possit:
689 994 785 1086 qaaod
814 1016 920 1086 ptam
951 995 1162 1081 viderimus,
1202 994 1253 1065 ibi

140 1101 259 1163 actam
284 1117 359 1165 esse
369 1095 519 1192 finitum
541 1096 708 1166 debemus
733 1117 940 1190 agnoscere.
999 1098 1068 1167 Hic
1086 1118 1167 1166 vero
1189 1121 1253 1167 ne-
1347 1122 1373 1189 ᾗ

139 1197 208 1266 scio
225 1221 268 1264 an
282 1199 381 1266 etiam
402 1200 546 1268 infirmet
560 1200 749 1291 Boettigeri
770 1201 975 1268 sententiam.
1026 1199 1142 1284 Quum
1164 1201 1253 1269 eninr
1377 1240 1379 1247 ι

138 1299 236 1369 chori
253 1302 456 1371 mentionem
477 1303 595 1388 faciat,
620 1301 690 1373 hoc
708 1301 843 1370 videtur
866 1302 999 1388 dicere,
1023 1303 1083 1372 ubi
1103 1302 1138 1370 iu
1159 1302 1253 1372 Lati·

138 1403 187 1476 uis
208 1403 331 1471 fabulis
355 1427 454 1474 scena
478 1429 499 1472 a
524 1406 770 1496 spectatoribus
796 1428 904 1475 vacua
931 1405 991 1492 sit,
1023 1416 1079 1490 ut,
1116 1405 1144 1473 si
1171 1406 1253 1474 istae

80 1594 94 1604 .
139 1504 294 1574 Graecae
315 1518 423 1576 assent
442 1507 593 1594 fabulae,
624 1508 751 1599 ¹chorus
775 1508 834 1578 vel
854 1509 980 1578 tibicen
1002 1507 1111 1577 audiri
1133 1509 1251 1599 possit,

74 1700 80 1706 ι
129 1607 185 1676 'ibi
204 1617 316 1679 actum
335 1610 466 1680 finitum
488 1612 614 1681 debere
633 1611 787 1702 intelligi.
838 1609 939 1681 Certe
953 1632 1059 1699 quum
1075 1610 1277 1682 tibicinemr

138 1724 437 1799 commemoraret,
468 1714 638 1803 respicere
670 1713 781 1803 potuit
813 1705 986 1785 διαύλιον.
1044 1709 1253 1782 Scholiastes
1319 1796 1322 1803 ‚
1378 1742 1382 1750 ·

137 1814 372 1904 Aristophanis
395 1814 441 1883 ad
460 1817 547 1883 Rau.
571 1813 683 1883 1282.
705 1837 809 1904 quem
831 1815 943 1905 ipsum
963 1814 1080 1883 locum
1100 1836 1169 1883 non
1189 1837 1253 1884 ne-

138 1918 244 2008 glexit
270 1918 506 2009 Boettigerns:
547 1915 636 2014 paul
666 1915 705 1992 di
736 1908 899 1989 διαύλιον
927 1916 1118 2010 λέγεσθαι,
1159 1914 1252 1991 ὅταν

138 2017 287 2115 ἡσυχίας
326 2013 473 2093 πάντων
516 2020 728 2118 γενομένης,
770 2020 874 2093 ἔνδον
914 2015 935 2092 o‘
976 2012 1130 2117 αὐλητής
1170 2017 1251 2115 ᾄσῃ.
1312 2039 1320 2054 ·

138 2121 353 2210 Quamquam
367 2121 438 2196 hoc
452 2124 615 2192 incertum
632 2132 692 2192 est.
741 2121 826 2191 Vtut
844 2121 896 2205 sit,
920 2120 1007 2189 illud
1030 2131 1120 2190 certe
1143 2121 1233 2190 ello

81 2280 84 2285 .
137 2225 208 2290 nati
227 2225 336 2292 verbis
348 2226 561 2300 nonvidetnr
574 2223 694 2315 colligi
712 2245 830 2314 posse,
856 2221 949 2313 apud
968 2223 1142 2290 Romanos
1163 2245 1253 2291 sem-

136 2348 202 2416 per
230 2325 324 2394 firiito
354 2325 432 2396 actu
458 2327 609 2395 anditum
637 2348 707 2394 esse
726 2325 908 2393 tibicinem.
964 2326 1054 2393 Nam
1079 2324 1163 2413 quid
1192 2333 1252 2410 est,

137 2427 234 2517 quod
255 2429 442 2514 Vitruvius,
477 2429 534 2519 qui
556 2430 591 2496 in
608 2427 819 2520 praefatione
838 2427 883 2495 ad
901 2426 977 2495 libr.
994 2426 1038 2496 V.
1063 2427 1108 2496 de
1132 2426 1251 2496 archit.
1325 2428 1327 2435 '

137 2532 185 2600 sic
205 2531 335 2601 scribit:
373 2531 508 2601 &aeci
527 2554 662 2624 quoqrae
677 2538 808 2624 poetae
829 2529 971 2614 comici,
997 2530 1253 2622 interponentes

138 2656 159 2702 e
189 2634 297 2702 choro
319 2635 511 2720 coroticum,
553 2635 745 2704 dia’isernnt
777 2634 898 2726 spatio
923 2630 1160 2725 fabularum:
1199 2633 1253 2701 ito

134 2743 260 2829 portes
278 2736 403 2806 cubico
418 2739 556 2806 ratione
566 2736 766 2830 facientes,
791 2734 1114 2828 intercapedinibus
1133 2735 1253 2804 levant

136 2846 297 2908 actorum
313 2842 641 2934 pronunciationem
679 2838 763 2929 quid
791 2847 859 2926 est,
897 2839 993 2927 qnod
1015 2837 1075 2909 hic
1101 2838 1252 2908 Graecos

135 2952 263 3010 tantum
286 2944 451 3030 comicos,
483 2967 552 3012 non
582 2944 681 3014 ctiam
710 2943 848 3010 Latinos
876 2941 1143 3012 commemorat?
1180 2940 1253 3010 Sed
1296 2985 1299 2988 -

136 3045 229 3113 aliud
252 3045 352 3116 affert
363 3047 589 3140 Boettigerus.
640 3047 680 3114 ln
700 3045 850 3115 Terentii
869 3045 1252 3115 Heautontimorumeno
1316 3079 1327 3143 j

134 3149 169 3216 in
197 3149 265 3218 fine
293 3172 413 3219 scenae
438 3150 605 3220 secundae
635 3150 804 3239 (primam
817 3148 943 3215 'dicere
970 3149 1140 3236 volebat)
1159 3157 1252 3213 achas

135 3252 243 3340 quinti
255 3251 500 3321 Menedemum
514 3252 601 3319 intro
616 3245 726 3335 abire,
750 3260 789 3318 ut
807 3250 879 3316 filio
895 3248 1084 3318 Chremetis
1105 3239 1252 3315 animum

134 3355 238 3444 patris
261 3354 430 3440 declaret,
457 3364 506 3439 et,
533 3375 637 3443 quum
658 3353 785 3421 interea
807 3349 970 3420 Chremes
986 3350 1056 3419 duo
1071 3349 1270 3419 versiculos·

134 3458 293 3545 loquutus
321 3467 423 3541 esset,
456 3456 568 3525 redire
607 3478 686 3526 cum
723 3452 822 3520 huius
848 3451 938 3537 tilio,
970 3454 1070 3522 rebus
1100 3453 1252 3521 omnibus

134 3561 313 3630 transactio.
366 3560 471 3646 Quod
485 3560 644 3649 quoniam
664 3579 787 3648 parum
806 3556 987 3624 verisimile
1003 3555 1168 3641 videatur,
1192 3554 1252 3625 hie

133 3672 232 3753 putat
253 3665 471 3734 intercessisse
486 3667 671 3748 canticum,
698 3661 742 3730 ab
763 3669 879 3729 actore
898 3659 1057 3752 primario
1074 3657 1119 3726 ad
1134 3658 1252 3752 tibiam

135 3767 300 3834 saltatum.
352 3767 445 3852 Quid
460 3789 553 3851 vero,
578 3789 683 3856 quum
695 3764 744 3834 ibi
759 3786 827 3831 non
843 3762 976 3831 finiatur
991 3761 1110 3831 actus?
1134 3761 1250 3846 immo,

134 3891 240 3957 quum
262 3871 311 3937 ibi
335 3871 460 3939 tibicen
482 3893 526 3938 ne
555 3868 704 3960 potuerit
726 3865 865 3957 quidem
885 3864 1029 3939 mucre?
1069 3863 1252 3933 Videamus

133 3973 210 4063 ipsa
232 3972 384 4041 'ferentii
408 3974 521 4042 verba.

238 4075 327 4144 Mn.
354 4070 561 4144 Ennavia?
590 4073 666 4144 CH.
689 4075 752 4143 ita.
777 4069 970 4166 Musfiar.
988 4068 1077 4139 Ι(ῘΗ.
1100 4092 1146 4140 nc
1166 4069 1251 4155 ianr,

640 4199 788 4246 uxorem
809 4184 848 4244 ut
868 4180 1048 4257 accersat,
1068 4179 1189 4266 paret.

239 4278 311 4351 Hic
332 4280 396 4366 ito,
422 4288 461 4351 nt
479 4279 608 4353 liberos
625 4288 677 4351 eat
696 4301 856 4373 capnon,
882 4278 987 4349 dictis
1003 4275 1251 4374 confutabitur.

588 4811 591 4816 .
627 4688 721 4842 Q
