2826 4904
224 309 405 373 Pnosalt
430 309 487 374 ΕΤ
514 310 750 375 ΡΟΕΤΙΟΔΕ
769 310 1046 374 onaxloms.
1140 316 1203 380 lto

87 504 188 552 usum
205 482 305 552 etiarn
322 493 450 575 cogunt
466 484 653 554 auditorem
671 503 814 573 poeseos
833 483 1013 553 recordari.
1071 482 1202 557 Deinde

87 608 171 656 vero
190 588 239 656 sic
260 594 390 654 tantum
407 587 515 655 vitiosi
535 596 609 656 sunt
628 585 666 654 hi
693 587 840 671 numeri,
876 587 903 654 si
930 588 1029 656 mam
1060 610 1202 658 consen-

85 690 190 763 tiente
214 697 354 758 accentu
375 691 503 780 poetici
528 699 611 759 sunt
662 689 790 757 Namsi
806 699 960 758 accentus
983 691 1082 778 facit,
1107 700 1201 763 utne

86 791 195 860 audiri
222 790 361 881 quidem
382 802 544 882 metrum,
578 790 674 880 quod
695 792 730 858 in
748 815 901 860 mensura
924 793 1126 882 syllabarum
1141 804 1201 880 est,

84 896 209 987 possit,
233 895 523 984 quemadmodum
543 897 579 962 in
600 896 667 962 isto
690 895 810 962 Fannii
824 896 980 981 exordio,
1005 898 1059 966 vel
1077 898 1201 984 Taciti,

84 1008 144 1068 ant
164 995 235 1079 hoc
255 998 298 1066 Τ.
318 997 423 1083 Livii,
447 997 665 1092 factumne
694 998 1001 1091 operaepretium
1032 1001 1119 1086 nm,
1153 1001 1200 1068 ita

83 1109 231 1169 menum
254 1110 288 1169 et
309 1102 440 1169 numeri
463 1101 591 1192 poetici
619 1101 845 1186 occultantur,
876 1110 914 1169 ut
936 1101 991 1170 vix
1009 1103 1199 1172 tenuissima

84 1226 203 1273 eornm
214 1203 355 1294 vestigia
368 1214 532 1273 maneam
586 1201 718 1287 Quodsi
737 1203 835 1272 etiam
850 1212 1006 1275 accentus
1019 1205 1064 1273 ad
1086 1206 1199 1298 poeti-

83 1329 144 1378 cos
160 1327 317 1375 numeros
341 1305 452 1392 ducit,
478 1316 517 1377 nt
537 1307 572 1374 in
595 1306 656 1373 illo
678 1304 847 1374 Ciceronis
867 1305 912 1376 de
934 1316 1067 1376 oratore
1082 1309 1110 1377 1.
1137 1307 1198 1378 10.

81 1409 232 1478 instaret
244 1407 458 1494 Academia,
481 1431 584 1501 qnae,
609 1409 781 1500 quidquid
793 1409 959 1497 ἀὶφὶοοοο,
979 1410 1020 1480 id
1034 1419 1070 1480 te
1082 1411 1198 1504 ipsum

81 1512 175 1581 scire
193 1519 363 1604 negaret,
395 1535 436 1580 ea
460 1512 666 1604 negligentia
688 1511 858 1604 scriptoris
882 1522 948 1598 est,
981 1536 1051 1584 non
1075 1515 1151 1584 satis
1177 1539 1198 1582 n

79 1637 225 1706 poeseos
246 1615 449 1706 contagione
469 1615 533 1683 sibi
559 1615 714 1685 caventis
766 1613 947 1684 Caeterum
964 1625 1107 1706 uterquc
1132 1639 1197 1686 nn-

81 1740 192 1786 merus
211 1741 284 1786 suas
299 1716 403 1788 habet
422 1718 538 1808 leges,
564 1741 632 1785 non
652 1741 730 1785 sane
750 1717 845 1806 qnod
862 1717 907 1785 ad
918 1717 997 1786 aim
1012 1729 1047 1787 et
1068 1719 1244 1810 pulcri-ll

80 1820 231 1890 tudinem
253 1821 384 1905 attinet,
413 1822 508 1911 (nam
531 1819 599 1888 hae
618 1822 788 1907 utriusque
811 1842 1004 1890 communes
1024 1824 1115 1913 sunt)
1134 1823 1195 1892 sed

79 1924 390 2018 si3vocabulornm
437 1922 683 2008 conditionem,
733 1923 888 1993 orationis
931 1925 1195 2017 complexiones,

79 2047 178 2095 nsum
200 2027 348 2116 denique
367 2036 401 2095 et
422 2026 697 2096 consuetudinem
721 2036 862 2117 spectes.
920 2026 968 2095 Vt
999 2029 1034 2098 in
1055 2030 1193 2118 quibus-

78 2129 161 2197 dam
184 2130 349 2213 versibus,
381 2131 526 2198 maxime
550 2130 584 2197 in
606 2130 843 2222 anapaesticis,
883 2128 970 2195 nihil
1000 2129 1193 2200 offersionis

75 2230 208 2298 habent
244 2232 344 2321 plura
379 2231 542 2322 contigua
575 2232 680 2299 verba
724 2230 875 2298 eiusdem
911 2230 1129 2323 longitudinis
1160 2242 1196 2304 et

19 2360 21 2364 ⁴
73 2353 272 2404 111611311Ῐᾶθῖ

141 2492 146 2499 ’
181 2482 340 2581 φροῦδος
364 2484 537 2581 πρέσβυς,
565 2482 723 2583 φροῦδοι
737 2488 869 2568 παῖδας.

75 2639 116 2707 ln
134 2657 239 2731 prosa
262 2644 376 2705 autern
399 2636 549 2706 oratione
571 2637 598 2705 si
611 2638 711 2729 plura
731 2639 835 2707 verba
854 2661 975 2731 parem
995 2649 1029 2709 et
1042 2639 1190 2734 longitn-

74 2742 192 2810 dinem
224 2748 257 2808 et
280 2746 458 2809 accentum
476 2737 637 2808 habentia
657 2742 906 2828 continuantur,
938 2753 979 2821 ‚nt
1009 2743 1097 2814 haec
1119 2745 1192 2836 ipsa

76 2843 268 2935 Euripidis,
293 2841 516 2910 intolerabilia
528 2853 621 2929 sunt,
646 2847 844 2934 praesertim
863 2845 898 2913 in
917 2846 985 2915 fine
1000 2848 1190 2918 sententiae.

77 2946 192 3033 Quare
205 2945 254 3013 ibi
269 2946 487 3037 siponuntur,
512 2944 705 3034 videndum,
720 2956 758 3016 nt
771 2948 839 3016 vim
853 2950 1037 3038 quamdam
1052 2950 1113 3021 hic
1127 2975 1191 3020 nn·

76 3071 188 3118 merus
202 3048 345 3132 habeat,
370 3070 459 3137 quae
480 3059 618 3118 nonest
641 3051 676 3118 in
697 3052 771 3119 aliis
790 3054 944 3120 numeris.
996 3052 1043 3122 Vt
1061 3054 1097 3121 in
1118 3054 1190 3124 De-

75 3151 287 3221 mosthenico
313 3150 393 3235 illo,
426 3147 537 3247 ὥςπερ
561 3153 677 3246 νέφος.
735 3153 778 3222 ld
798 3165 891 3223 recte
917 3154 1073 3224 observat
1093 3155 1189 3224 Lon-

75 3256 174 3348 ginus
194 3276 359 3342 nusquam
378 3253 527 3342 potuisse
548 3254 686 3339 melius,
716 3277 819 3345 quam
843 3257 878 3324 iu
898 3257 985 3342 tine,
1010 3257 1191 3340 collocari3

75 3380 139 3428 nec
159 3356 302 3449 perinde
326 3377 415 3442 esse,
450 3362 564 3422 utrum
595 3353 640 3435 uic
673 3358 795 3453 νέφος,
828 3357 885 3426 vel
913 3354 1059 3454 oicnapsi
1083 3360 1190 3458 νέφος

74 3460 215 3531 dicatur.
266 3459 320 3528 Ex
342 3457 397 3526 his
415 3457 560 3525 numeris
580 3457 701 3525 melior
722 3467 814 3529 certe
835 3469 920 3530 esset
940 3459 1018 3548 hic,
1044 3458 1190 3562 ω’ςπερνὶ

73 3563 203 3658 νέφος,
238 3560 437 3651 quinetiam
453 3560 487 3628 in
507 3560 719 3653 antispastico
741 3561 829 3631 exitu
850 3564 988 3653 aliquod
1004 3567 1110 3635 robur
1124 3576 1190 3646 est3
1273 3554 1277 3567 ’

73 3667 184 3734 multo
204 3665 351 3734 deterior
375 3664 476 3749 alter,
506 3660 552 3746 οἱς
571 3665 679 3759 νέφος
686 3720 699 3754 ,
733 3666 793 3756 qni
815 3689 926 3757 paene
947 3668 991 3736 ad
1013 3669 1189 3737 mollitiem

72 3766 314 3860 amphibrachi
349 3767 490 3838 accedit.
556 3766 629 3836 Sed
663 3768 858 3840 fortissirnns
887 3771 1038 3840 omnium
1065 3770 1092 3837 is
1128 3780 1189 3854 est,

71 3893 144 3962 qno
158 3894 236 3941 usus
250 3880 300 3941 est
311 3869 572 3953 liemostheneS,
597 3879 636 3938 ut
647 3875 849 3961 asperrimus
861 3874 1072 3961 maximeque
1086 3894 1189 3963 prae·

71 3983 199 4066 ruptus.
258 3972 383 4044 Similis
410 3974 482 4041 fere
509 3973 595 4040 ratio
624 3971 658 4040 in
686 3976 867 4044 verborum
884 3975 1189 4065 complexionibus

71 4078 221 4163 obtinet,
251 4075 428 4164 inquibus
448 4075 655 4160 cavendum,
692 4078 812 4146 nevel
840 4081 926 4146 inter
947 4100 982 4145 se
1008 4077 1105 4145 nimis
1125 4079 1197 4149 sint
1265 4156 1272 4176 1

70 4179 214 4265 similes,
240 4181 296 4250 vel
316 4177 545 4248 membrorum
563 4179 639 4269 pari
662 4179 929 4249 conformatione
943 4180 1106 4250 lectorem
1123 4183 1187 4254 de·

69 4282 224 4378 fatigent.
275 4281 402 4354 Contra
422 4280 457 4350 in
477 4281 574 4370 poesi
593 4280 682 4352 haec
694 4283 877 4355 similitudo
888 4305 1104 4375 numerorum
1117 4287 1186 4357 sive
