2826 4904
345 271 937 337 1vn1suvnlunu1.
1134 278 1211 342 alo

87 447 217 540 poenis
227 444 321 538 adigi
329 444 488 516 *homines
503 452 659 535 possent,
684 443 789 513 modo
806 444 853 512 ad
866 445 916 514 ius
935 444 1056 515 summi
1068 445 1211 538 imperii,

85 548 200 619 rnodo
216 547 261 616 ad
276 542 508 620 iuris-dicundi
520 536 722 639 potestatem
741 547 973 640 confugerunt
1024 549 1074 618 At
1092 559 1211 620 neutra

45 692 51 697 -
83 653 179 722 ratio
201 651 283 720 ferri
303 660 425 742 potest
471 651 560 721 Nam
581 649 777 741 imperium,
803 649 898 739 quod
916 651 1081 722 sciliceta
1099 650 1211 722 domi-

80 763 173 824 natn
188 753 460 847 distinguendum
474 763 532 840 est,
548 755 599 823 ius
615 762 665 821 est
675 752 927 845 praescribendi
942 752 1032 840 aliis,
1054 755 1139 845 quid
1155 756 1211 825 fu-

81 881 172 931 cere
187 856 334 927 debeant
349 856 395 927 ad
408 879 505 925 suurn
518 856 670 947 ipsorum
688 856 836 945 aliquem
847 855 961 942 finem,
975 855 1102 927 etiamsi
1112 859 1211 927 simul

79 963 222 1030 alienus
237 959 295 1045 sit,
311 959 540 1030 obtinendum.
579 957 660 1028 Hoc
674 959 726 1027 ius
736 967 866 1044 autem,
891 969 931 1027 ut
944 961 1057 1027 omnia
1072 961 1156 1047 iura,
1176 963 1211 1032 vi

77 1065 232 1154 quidem
248 1065 396 1132 exerceri
409 1072 538 1153 potest,
563 1061 625 1130 sed
648 1083 753 1151 quare
767 1083 895 1154 poenas
910 1063 1092 1153 complecti
1108 1071 1212 1156 pute-

77 1177 164 1253 tur,
189 1168 245 1234 vix
264 1166 500 1258 explicaveris,
525 1165 587 1232 nisi
600 1163 792 1233 exitiorum
812 1166 991 1257 opinione,
1015 1168 1075 1256 qui
1086 1168 1130 1235 ab
1144 1167 1211 1235 im·

76 1279 233 1363 perante
247 1270 360 1337 omnia
375 1268 485 1339 iuberi
499 1287 601 1358 posse
621 1266 813 1338 existimant
864 1267 1029 1338 Nimirum
1044 1267 1082 1336 hi
1097 1268 1211 1338 homi-

78 1395 150 1442 nes
174 1371 374 1462 imperinm,
399 1370 495 1462 quod
518 1372 554 1440 in
577 1392 695 1439 eorum
722 1371 963 1463 praeceptione
987 1372 1136 1466 positum
1151 1382 1211 1459 est,

80 1498 181 1566 quae
197 1474 243 1542 ad
255 1475 359 1543 finem
372 1472 537 1545 societatis
545 1472 727 1543 necessaria
737 1484 823 1560 suut,
837 1473 1091 1545 cumvoluntate
1102 1475 1212 1544 socie-

81 1579 186 1661 tatis,
212 1600 279 1670 qua
296 1575 381 1649 illud
394 1576 525 1662 nititur,
551 1574 786 1661 confuderunt.
831 1577 920 1647 Nam
944 1599 1023 1644 sane
1044 1577 1213 1647 sociorum

84 1703 254 1751 consensu
267 1681 430 1771 puniendi
446 1681 497 1747 ins
509 1680 674 1766 constitui,
688 1677 899 1770 imperioque
915 1687 1088 1768 tamquam
1101 1680 1212 1749 admi-

87 1784 242 1855 niculum
255 1781 397 1875 aliquod
412 1781 494 1852 addi
507 1786 632 1872 potest
673 1782 809 1869 Quare,
831 1791 868 1849 ut
883 1781 929 1850 ad
944 1782 1115 1852 civitatem
1130 1782 1211 1853 red-

90 1909 222 1972 eamus,
251 1886 313 1955 nisi
333 1885 408 1977 ipso
431 1885 499 1955 fine
525 1885 681 1969 civitatis,
716 1883 790 1952 solo
813 1883 1003 1977 imperandi
1026 1886 1099 1956 iure
1120 1894 1212 1957 certe

91 2010 225 2080 poenae
236 2011 305 2059 non
316 1998 390 2059 sunt
406 1985 683 2079 comprehensae.
721 1985 856 2057 Deinde
878 1986 973 2079 quod
996 1987 1137 2058 adiutis
1157 1989 1212 2058 di-

93 2091 194 2161 cundi
215 2101 418 2183 potestatem
440 2093 571 2178 attinet,
611 2114 653 2160 ea
681 2113 787 2180 quum
807 2090 849 2158 sit
869 2091 1012 2162 facultas
1030 2090 1212 2177 iudicandi,
1304 2152 1310 2161 .

92 2195 255 2262 violatum
268 2196 310 2263 sit
322 2196 383 2280 ius,
398 2215 518 2279 necne,
535 2193 823 2280 decernendique,
836 2193 864 2258 si
876 2194 917 2262 sit
930 2193 1103 2278 violatum,
1123 2216 1213 2283 quo-

91 2295 199 2364 modo
213 2294 468 2365 defendendum
488 2295 544 2376 sit,
569 2314 672 2378 quarn
684 2293 896 2378 facultatem,
921 2315 1009 2384 quae
1024 2295 1108 2364 laesi
1127 2319 1213 2392 pro-

92 2399 172 2494 pria
186 2405 251 2482 est,
277 2396 502 2484 unusquisque
519 2393 598 2463 civis
613 2393 737 2462 civitati
752 2394 933 2476 commisit3
957 2398 1122 2485 sequitur,
1136 2419 1212 2468 ¹non

87 2501 180 2575 'ultra
194 2499 365 2590 pertinere
378 2495 499 2567 indicis
516 2495 730 2582 sententiam,
752 2517 856 2584 quum
870 2496 915 2567 ad
926 2521 985 2584 ea,
1008 2521 1096 2588 quae
1109 2502 1213 2589 laeso,

93 2612 152 2671 aut
167 2601 310 2688 civitati,
334 2600 417 2668 laesi
429 2598 581 2684 nomine,
597 2597 643 2666 ad
657 2598 900 2668 restituendum
911 2600 979 2685 ius,
993 2602 1088 2691 quod
1102 2603 1214 2672 immi·

93 2715 210 2775 nutum
227 2713 310 2790 erat,
327 2703 441 2774 facere
455 2702 585 2772 licitum
604 2711 662 2770 est.
687 2702 721 2772 A
734 2702 855 2792 quibus
869 2701 897 2770 si
910 2724 1044 2794 poenae
1059 2707 1213 2779 exclusae

93 2818 181 2894 sunt„
198 2805 286 2876 nihil
297 2805 518 2897 pronunciare
533 2804 660 2899 poterit
674 2804 793 2888 iudex,
811 2827 913 2895 quarn
928 2807 1009 2898 cogi
1019 2808 1212 2881 laedentem

91 2911 137 2979 vad
156 2911 310 2979 officium
338 2908 476 2979 debere.
520 2905 562 2975 ln
581 2907 709 2976 incerto
726 2909 831 3000 igitur
845 2906 913 2980 hac
929 2908 1211 2984 demonstratione

91 3014 305 3103 relinquitur,
330 3011 425 3103 quod
440 3034 481 3078 ea
494 3009 709 3100 probandum
723 3020 805 3079 erat
1122 3050 1130 3060 κ

192 3117 338 3207 Propius
349 3115 523 3197 veritatem
535 3121 612 3182 sunt
623 3113 690 3199 illi,
715 3115 775 3204 qui
787 3112 890 3184 tinem
905 3116 1042 3186 eidotn
1055 3118 1090 3185 in
1105 3120 1213 3188 tutela

93 3219 200 3288 omnis
213 3218 310 3304 iuris,
335 3217 421 3302 sive,
446 3214 541 3308 quod
556 3216 650 3284 idern
669 3223 735 3301 est,
759 3217 794 3284 in
807 3215 1024 3289 defendendo
1041 3220 1147 3290 iustae
1167 3223 1212 3291 li-

91 3311 230 3391 bertatis
258 3342 321 3389 usu
347 3328 487 3412 ponunt
531 3317 586 3389 Ac
603 3340 683 3386 sane
711 3341 816 3406 quum
835 3319 886 3389 ius
908 3321 1049 3390 civitatis
1076 3334 1211 3394 cunctas

92 3424 217 3495 ciuium
238 3423 386 3494 actiones
406 3423 576 3515 gubernet
596 3443 637 3490 ac
658 3420 872 3508 moderetur,
904 3445 973 3493 non
992 3434 1105 3514 potest
1129 3429 1212 3496 alins

94 3527 165 3595 eius
178 3527 252 3595 finis
266 3549 355 3611 esse,
381 3547 485 3615 quam
500 3524 560 3615 qui
575 3523 622 3592 ad
638 3524 765 3611 omnia,
790 3548 879 3613 quae
896 3524 1050 3597 homines
1072 3530 1211 3616 faciunt,¹

91 3629 268 3722 pertineat.
300 3616 385 3716 ¹Qui
403 3651 509 3718 quum
533 3627 661 3717 duplex
681 3627 740 3714 sit,
765 3627 926 3714 felicitas,
953 3639 987 3698 et
1007 3631 1142 3700 rationis
1155 3632 1211 3700 di-

91 3732 222 3825 gnitas,
240 3731 381 3801 alterius
396 3735 501 3802 utrius
518 3749 633 3800 caussa
645 3729 794 3812 civitates
806 3732 990 3802 consociari
1002 3755 1136 3802 necesse
1152 3743 1210 3802 est

90 3837 207 3925 Atque
219 3834 410 3904 ‘universam
431 3833 628 3905 felicitatem
644 3834 673 3900 si
692 3831 846 3904 homines
858 3834 1037 3906 incivitate
1053 3838 1213 3927 consequi

90 3939 236 4024 vellent,
268 3936 355 4008 nihil
375 3938 479 4028 plane
503 3936 695 4022 efficerent,
727 3937 827 4028 quia,
854 3961 960 4028 quum
983 3938 1029 4006 de
1049 3937 1211 4035 felicitate

91 4063 151 4111 sua
168 4061 270 4111 nemo
284 4039 419 4110 alterius
431 4040 556 4112 iudicio
577 4039 741 4126 confidat,
768 4042 919 4111 omniurn
940 4041 1128 4116 voluntates
1148 4045 1212 4113 sibi

91 4154 199 4214 essent
219 4152 488 4236 repugnaturae,
511 4141 583 4211 aliis
605 4166 647 4212 ea
661 4144 923 4232 requirentibus,
949 4166 1037 4232 quae
1058 4145 1115 4215 ulii
1131 4149 1210 4216 nol-

90 4247 163 4320 lent
174 4248 356 4321 remittere.
395 4247 522 4339 Neque
531 4245 636 4319 officii
648 4246 733 4319 ratio
747 4248 927 4341 pennittit,
951 4248 1085 4319 illarum
1097 4273 1210 4322 rernm
