2826 4904
183 1133 655 1225 nrssunrnrro
728 1137 820 1226 nu
869 1058 1298 1226 ¹rnouonnun

556 1321 814 1412 Annon
865 1322 928 1456 a).

727 1891 756 1960 1.

295 2081 297 2086 ·
325 2055 378 2122 Do
406 2056 539 2142 proprio
568 2056 796 2142 oigoffloatiooo
820 2057 1017 2142 pronominis
1045 2050 1156 2139 αὐτός.

134 2215 230 2328 42ln
250 2271 378 2343 magno
400 2248 535 2319 illarum
558 2271 671 2319 rerum
686 2271 844 2335 numero,
869 2273 958 2341 quae
982 2248 1077 2341 quod
1101 2248 1179 2319 satis
1197 2255 1297 2318 notae

180 2353 355 2438 videntur,
380 2353 511 2445 negligi
532 2352 753 2444 plerumque,
787 2355 965 2446 neglectae
986 2362 1100 2421 autem
1128 2375 1296 2434 nonnum-

179 2481 283 2548 quam
296 2477 445 2525 errorem
463 2477 583 2548 parere
602 2456 728 2540 solent,
754 2457 854 2525 etiarn
869 2479 946 2525 usus
956 2455 1165 2548 pronominis
1187 2448 1297 2536 uiroc

179 2557 238 2631 est
291 2560 332 2628 ln
358 2559 451 2629 ouius
473 2559 679 2650 pronominis
699 2561 892 2653 praecipuis
912 2559 1210 2652 significationibus
1236 2580 1296 2626 ex-

177 2663 345 2757 plicandis
369 2660 501 2750 siquid
527 2684 654 2754 operae
678 2683 842 2753 posuero,
881 2663 918 2731 id
939 2684 1007 2731 non
1031 2662 1202 2754 ingratum
1220 2660 1296 2730 iore

176 2789 278 2857 spero
296 2764 368 2849 hie,
393 2764 452 2852 qui
473 2764 598 2848 solunt,
623 2786 687 2847 neo
711 2765 840 2834 bonum
861 2766 1097 2857 interpretem,
1122 2787 1187 2835 nee
1210 2785 1296 2855 pro-

175 2868 324 2938 babilem
340 2866 492 2936 criticum
510 2866 628 2933 talium
650 2869 882 2954 quaestionum
901 2869 1060 2938 tenuitate
1075 2866 1296 2959 supersedere

174 2993 283 3064 posse.
348 2970 462 3058 Atque
486 2967 573 3036 illud
606 2969 746 3057 quidem
774 2993 842 3039 non
866 2981 979 3063 potest
1007 2971 1189 3040 obscurum
1212 2980 1295 3056 esse,

175 3096 282 3165 quum
297 3092 421 3141 nomeu
438 3064 548 3152 uiroc
566 3092 607 3139 ex
625 3070 786 3141 adverbio
802 3069 892 3148 arira
909 3084 1021 3144 ortum
1035 3073 1091 3159 sit,
1117 3074 1295 3164 propriam

176 3180 248 3247 eius
269 3175 548 3268 significationem
568 3173 658 3244 hano
680 3198 769 3262 esse,
795 3177 891 3267 quari
913 3179 986 3266 quis
1002 3178 1170 3246 iteratum
1192 3174 1292 3245 dicat

175 3281 267 3349 Hinc
278 3289 440 3371 apertum
461 3287 528 3364 est,
553 3277 625 3347 hoo
645 3299 770 3348 nomen
789 3289 907 3349 natura
928 3303 986 3349 sua
1006 3300 1196 3371 pronomen
1209 3300 1313 3364 oeae,

176 3384 306 3474 quippe
334 3382 428 3472 quod
453 3404 518 3471 per
543 3405 579 3451 se
598 3381 744 3474 intelligi
772 3391 935 3473 nequeat,
975 3383 1036 3452 uisi
1062 3382 1226 3450 referatur
1247 3379 1295 3448 ad
1387 3403 1389 3407 ·

176 3484 322 3576 aliquid,
372 3485 467 3574 quod
503 3483 544 3552 sit
578 3486 782 3576 cogitatione
811 3486 1009 3555 iterandum.
1077 3484 1196 3574 ltaque
1221 3485 1295 3552 sive

177 3589 311 3658 Graece
335 3581 469 3675 αὐτός,
504 3587 573 3655 sive
601 3587 722 3655 Latine
747 3589 840 3679 ἱρεθ,
875 3590 942 3659 sive
969 3588 1034 3656 alia
1056 3587 1174 3679 lingua
1196 3586 1295 3655 aliter

177 3693 288 3778 dicas,
312 3692 350 3759 id
366 3688 507 3782 proprie
526 3689 611 3757 nihil
629 3690 721 3758 aliud
734 3691 919 3782 siguificat,
945 3714 1047 3782 quam
1060 3690 1130 3775 lrio,
1159 3688 1295 3782 dequo

178 3795 311 3888 lupono.
363 3794 433 3878 Qui
450 3801 562 3861 autern
581 3792 641 3860 tali
658 3795 858 3884 pronomine
875 3795 1048 3864 notionem
1070 3792 1139 3862 eius
1153 3791 1222 3877 rei,
1248 3791 1296 3860 de

73 3941 77 3946 -
178 3921 247 3988 qua
261 3898 428 3988 loquitur,
451 3897 566 3984 iterat,
592 3896 722 3970 ntacn
742 3895 814 3969 hoo
836 3899 1057 3986 eoconsilio,
1081 3904 1120 3966 ut
1135 3917 1171 3966 se
1189 3894 1296 3986 quam

222 4169 254 4247 Ἰ)
276 4169 366 4229 Edita
388 4178 434 4230 eat
453 4169 487 4229 in
506 4168 610 4230 Beokii
626 4167 710 4230 Actio
724 4167 882 4231 Seminarii
896 4169 982 4253 Regii
999 4180 1030 4237 et
1049 4171 1206 4240 Societao'r
1218 4169 1296 4256 'plri-

178 4253 325 4335 lologioao
344 4253 523 4337 Lipsiensis,
545 4255 608 4319 rol.
631 4254 655 4318 1.
676 4275 708 4337 p.
732 4259 785 4324 42.
806 4274 890 4339 eeqq.
