2826 4904
227 294 270 356 m
400 283 404 290 ·
487 338 493 345 „
582 285 994 373 nnorruunuuura

228 471 303 547 net,
329 486 430 552 quam
451 463 486 530 in
503 463 661 552 cuiusque
684 464 734 532 rei
752 463 889 530 notione
911 463 1038 551 insunt,
1064 460 1276 553 generalium
1293 468 1345 527 cst

227 588 291 658 per
312 568 493 658 singularia
510 569 698 658 perceptio.
757 566 883 634 Tendit
910 566 998 633 enim
1025 567 1151 632 sturnus
1178 564 1224 630 ad
1247 585 1344 631 snm-

226 693 321 739 mum
345 670 519 759 quoddam
544 679 645 758 atque
670 669 947 738 absolutissimum
971 668 1204 758 pulcritudinis
1224 688 1343 734 exem-

226 774 322 863 plar,
346 773 381 839 in
396 773 499 861 idque
515 774 642 840 intuens
663 774 810 863 speciem
829 772 1011 860 quamdam
1026 771 1217 838 deformare
1234 791 1344 837 cona-

226 885 300 959 tur,
326 898 413 963 quae
425 876 480 961 id,
506 877 600 964 quod
614 877 706 944 nulla
718 876 831 966 specie
845 877 921 941 satis
935 874 1076 965 exprimi
1089 883 1218 964 potest,
1245 873 1343 960 quasi

228 1001 247 1046 e
266 978 453 1068 longinquo
477 988 655 1064 monstret,
680 988 894 1066 mentemque
914 981 1055 1069 propius
1069 975 1245 1068 spectandi
1267 976 1343 1043 avi-

227 1079 308 1148 dam
326 1081 490 1173 fugiendo
512 1083 646 1151 alliciat.
698 1082 807 1152 Sensit
830 1080 918 1166 hoc,
952 1081 997 1148 de
1022 1102 1092 1169 quo
1108 1103 1198 1149 nunc
1219 1078 1342 1170 dispu-

170 1181 173 1185 ’
225 1175 350 1269 tamus,
389 1207 512 1275 prosae
537 1185 693 1252 orationis
716 1196 749 1253 et
766 1206 910 1274 poeseos
934 1184 1112 1253 discrimen
1131 1184 1340 1268 Aristoteles,

226 1288 331 1375 quiin
346 1289 421 1356 artis
441 1290 597 1378 poeticae
620 1311 696 1379 cap.
712 1288 768 1356 lx.
789 1311 892 1376 quum
914 1297 1105 1375 quaereret,
1132 1295 1237 1376 poeta
1255 1286 1340 1374 quid

228 1393 271 1458 ab
298 1389 458 1460 historico
480 1392 631 1476 distaret,
658 1391 854 1461 historicum
876 1391 1076 1481 singularia,
1109 1400 1248 1481 poetam
1273 1412 1340 1516 gc-

98 1494 105 1507 '
226 1495 352 1561 neralia
371 1504 513 1563 tractare
530 1495 654 1565 docuit
706 1495 787 1562 Ita
777 1519 804 1561 rs
824 1495 986 1583 loquitur.
1012 1490 1120 1612 ἠμὲν
1136 1518 1205 1586 γαρ
1229 1492 1340 1590 accip,
1344 1554 1348 1561 .

227 1624 281 1676 οις
299 1598 438 1688 μᾶλλον
462 1627 509 1668 τα
535 1593 719 1686 καθόλου,
746 1625 768 1692 η
760 1593 852 1670 ‘'‘d
838 1596 981 1692 ιστορία
1004 1624 1052 1667 τα
1044 1589 1158 1669 καθ
1184 1601 1338 1668 ἕκαστον

226 1702 332 1792 λέγει
384 1701 462 1773 ἔστι
487 1700 524 1772 δι’
545 1694 706 1773 καθόλου
726 1703 812 1793 μιύ,
844 1699 896 1793 τῷ
919 1699 1013 1820 polos
1041 1726 1090 1770 τα
1127 1693 1206 1770 ποῖ’
1241 1694 1339 1769 ἄττα

227 1800 420 1895 ουμβαιύιι
450 1802 612 1894 λέγειν
590 1831 611 1900 η
636 1828 812 1898 κρατκειυ
833 1830 926 1875 κατα
951 1796 998 1874 τό
1011 1795 1139 1897 alarice}
1157 1793 1204 1873 τό
1219 1793 1337 1891 αἰνόγ-

227 1927 351 1976 καιου
387 1899 431 1976 οὗ
453 1899 667 1993 στοχάζεται
690 1903 712 1998 ἠ
736 1905 874 2001 ποίησις
898 1898 1065 1996 ὀνόματα
1082 1902 1337 2000 ἐπιτιθεμένη

225 2034 273 2079 τα
265 2001 329 2079 δὲ
343 2001 432 2078 καθ
453 2011 625 2094 ἕκαστον,
651 2034 688 2077 τι
683 2002 965 2102 ”Λλκιβιόδης”
945 2015 1055 2100 capul
1057 2033 1116 2094 ευ,
1142 2004 1222 2101 dal
1243 2007 1337 2079 ἔπα-

225 2116 304 2182 θεν.
358 2109 455 2192 Quae
477 2107 536 2177 hic
564 2137 611 2181 κα
639 2105 730 2180 καθ
753 2114 903 2181 ἕκαστον
926 2109 1024 2192 dicit,
1061 2133 1102 2176 ea
1123 2118 1217 2192 sunt,
1251 2130 1337 2196 quac

224 2211 404 2302 singularia
419 2233 587 2280 vocamus.
638 2213 700 2279 Est
714 2214 803 2279 enirn
819 2212 988 2296 historici,
1013 2219 1049 2278 ut
1067 2235 1170 2302 prosa
1184 2213 1336 2279 oratione

95 2370 97 2376 ,
223 2315 359 2399 utentis,
381 2304 551 2400 officium,
574 2316 618 2382 de
634 2324 774 2383 certare
794 2316 841 2384 sic
857 2336 1042 2405 exponere,
1062 2325 1101 2382 ut
1123 2316 1335 2406 generalibus

223 2438 300 2484 usus
315 2418 437 2485 notitiis
459 2420 688 2509 cognitionem
710 2429 886 2509 comparet
904 2419 1094 2485 lectoribus.
1121 2420 1229 2485 Poeta
1244 2440 1335 2503 vcro,

222 2520 282 2608 qui
305 2521 476 2612 generalia
497 2532 609 2606 curat,
644 2544 732 2608 quae
757 2516 807 2593 coi
830 2515 992 2594 καθόλου
1016 2520 1097 2589 dicit
1128 2522 1335 2606 Aristoteles,

222 2645 292 2689 non
316 2625 353 2690 id
375 2624 524 2716 agit„ut
544 2648 615 2714 rem
639 2633 846 2714 cognoscant
868 2623 1052 2708 auditores,
1078 2624 1139 2690 sed
1152 2634 1191 2690 ut
1204 2645 1336 2715 cogno-

175 2727 349 2799 12soenda
369 2749 407 2792 re
427 2727 589 2794 maiorem
612 2726 813 2814 quamdam,
848 2727 1021 2815 multoque
1046 2726 1142 2795 latius
1162 2737 1336 2817 patentem

224 2828 406 2918 imaginem
418 2829 529 2895 animo
544 2830 743 2918 concipiant.
795 2829 853 2914 Vt,
882 2829 908 2895 si
926 2832 999 2918 quis
1012 2828 1189 2902 historicus
1202 2855 1244 2899 ea
1257 2854 1337 2897 uar-

223 2940 330 3015 raret,
356 2930 401 2998 de
426 2932 548 3020 quibus
568 2933 603 2999 in
620 2932 728 3015 Iliade
752 2932 940 3022 expositum
963 2942 1029 3016 est,
1054 2931 1230 3005 Achillem
1242 2934 1336 3002 acci-

221 3056 379 3125 paremus
396 3034 490 3102 Pelei
511 3034 723 3102 et.Thetidis
743 3036 851 3103 filium
872 3035 991 3121 fuisse,
1016 3035 1124 3102 virum
1140 3038 1175 3104 in
1198 3037 1334 3106 Graeco

222 3139 371 3206 exercitu
404 3137 625 3205 fortissimum.
678 3139 800 3229 Longe
828 3139 977 3206 diversus
1008 3138 1152 3206 Homeri
1178 3140 1335 3208 Achilles

222 3251 280 3309 est.
312 3240 407 3310 Nihil
420 3262 589 3326 curamus,
616 3252 727 3309 utrum
741 3243 799 3310 ille
813 3243 853 3309 sit
866 3242 1019 3312 Achilles
1035 3265 1054 3308 e
1068 3242 1172 3310 Peleo
1188 3251 1221 3311 et
1235 3242 1334 3311 The-

219 3345 311 3428 tide,
337 3368 380 3411 an
392 3344 474 3413 alius
496 3368 538 3412 ex
559 3347 629 3413 aliis
643 3355 753 3427 natus3
778 3345 863 3414 nihil
883 3355 994 3413 utrum
1012 3344 1095 3429 hos,
1121 3347 1180 3434 qui
1198 3356 1269 3414 tum
1289 3345 1333 3414 ad
1364 3369 1368 3373 ·

220 3446 363 3515 Troiam
381 3449 583 3532 militabant,
615 3449 734 3517 virtute
766 3449 986 3539 superaverit,
1031 3471 1074 3514 an
1112 3451 1211 3530 alios3
1250 3450 1334 3517 nihil

219 3559 332 3618 utrum
353 3573 425 3633 ea,
438 3574 525 3639 quae
539 3552 656 3620 fecisse
671 3575 748 3620 eum
763 3561 867 3642 poeta
882 3553 1002 3635 refert,
1029 3536 1191 3637 fecerit,'
1191 3577 1234 3620 an
1248 3553 1333 3622 alia.

219 3653 280 3721 sed
294 3653 508 3722 simulacrum
524 3678 601 3722 eum
614 3654 781 3730 habemus
797 3665 897 3743 atque
918 3680 937 3722 e
939 3654 1112 3745 lfigiem
1082 3678 1143 3722 vm
1132 3656 1334 3725 nobilitate

181 3778 189 3811 s
218 3757 369 3848 generis,
402 3757 503 3825 animi
526 3767 559 3824 et
583 3758 735 3848 corporis
754 3759 943 3840 virtutibuS,
976 3759 1143 3826 factomm
1162 3761 1333 3851 magnitu-

219 3859 297 3928 dine
314 3869 347 3927 et
361 3861 512 3929 claritate
525 3862 783 3945 excellentioris,
809 3864 912 3949 quam
932 3860 988 3927 alii
1010 3872 1112 3928 sunt.v
1145 3863 1197 3929 lta
1216 3864 1331 3932 Hero-

219 3962 335 4048 dotus,
366 3964 459 4032 cuius
487 3963 626 4034 historia
653 3964 747 4054 quasi
768 3966 858 4033 viam
887 3967 932 4035 ab
956 3965 1053 4055 opica
1074 3967 1263 4035 narratione
1288 3967 1332 4035 ad

220 4089 312 4150 eam,
344 4090 432 4155 quae
454 4090 533 4135 vere
551 4077 600 4136 est
621 4065 776 4152 historia,
807 4069 963 4152 munivit,
995 4091 1099 4158 quum
1123 4091 1193 4136 nou
1220 4072 1331 4139 solum

218 4169 447 4259 cognitionem
478 4178 802 4261 rerumgestarum,
836 4170 1020 4240 sedetiam
1048 4172 1117 4240 vim
1152 4172 1197 4239 ad
1230 4174 1329 4242 animi

218 4292 351 4341 tensum
380 4275 596 4366 spectaverit,
626 4273 796 4345 interdum
824 4275 911 4345 ultra
934 4297 1057 4369 prosae
1078 4276 1236 4346 orationis
1261 4287 1330 4348 ter-
