2826 4904
198 364 270 433 lt·
466 364 538 427 DE
599 362 1059 426 ertonnnnro

196 535 338 628 quodvis
349 536 506 605 iniustum
525 533 653 604 factum
676 557 811 604 omnem
835 536 1052 631 dignitatem,
1079 536 1232 626 quae'ab
1252 557 1310 602 ra-

195 642 288 710 tione
298 639 529 733 proficiscitur,
543 639 722 729 omniaque
734 640 806 706 lura
813 638 1006 708 hominibus
1021 638 1224 723 detraheret,
1236 638 1310 728 quis

196 745 302 830 foret,
328 743 488 828 obsecro,
512 743 719 828 mortalium,
745 743 803 832 qui
817 765 885 811 non
898 743 1046 811 omnium
1057 735 1188 809 libidini
1199 751 1233 808 et
1247 763 1309 809 cu-

195 845 390 940 piditatibus
403 854 488 915 esset
506 844 701 937 expositus?
725 845 892 936 Apertum
913 854 978 932 est,
1003 847 1107 936 longe
1122 844 1213 911 aliud
1228 843 1311 933 quid

196 946 395 1041 significari,
413 970 518 1039 quum
529 948 603 1036 quis
614 957 756 1040 propter
768 948 886 1018 iniuste
897 949 988 1019 facta
999 971 1019 1016 e
1033 969 1172 1018 numero
1180 949 1310 1015 ratione

196 1052 361 1122 utentium
376 1050 510 1133 excludi
522 1050 660 1136 dicitur,
686 1073 788 1142 quam
801 1052 932 1142 putarit
949 1049 1170 1121 Schmalzius.
1221 1051 1310 1118 Nam

196 1163 331 1231 eatenus
351 1163 480 1224 tantum
499 1154 697 1223 rationalem
719 1163 871 1222 naturam
892 1155 1019 1223 exuisse
1043 1151 1226 1225 censendus
1249 1161 1309 1238 est,

195 1265 357 1348 quatenus
373 1279 448 1324 eam
462 1257 580 1324 iniuria
595 1255 750 1324 facienda
763 1258 915 1349 negligit
940 1255 1087 1326 Omnem
1104 1257 1192 1324 enim
1205 1256 1310 1322 ratio-

195 1382 275 1428 nem
293 1359 467 1449 quomodo
487 1367 599 1449 potest
615 1358 806 1452 deponere,
832 1360 901 1428 sine
923 1382 993 1451 qua
1013 1382 1057 1428 ne
1081 1382 1151 1429 esse
1171 1357 1310 1448 quidem

94 1503 101 1511 -ι
195 1461 323 1554 queat?
347 1462 460 1549 Quam
477 1462 504 1528 si
520 1460 767 1533 malefaciendo
783 1463 965 1550 amitteret,
991 1462 1061 1533 hoc
1075 1463 1185 1553 ipsum
1201 1460 1312 1530 male-

194 1565 326 1650 facere,
351 1573 443 1634 certe
460 1573 640 1658 postquam
660 1566 767 1634 semel
783 1575 971 1658 peccasset,
996 1566 1099 1656 plane
1113 1567 1148 1632 in
1158 1588 1235 1634 eum
1250 1585 1308 1632 ca-

196 1668 278 1737 dere
291 1688 360 1735 non
374 1676 497 1758 posset
535 1668 681 1758 Propter
688 1668 736 1737 ·id
749 1669 859 1760 ipsum
874 1670 962 1737 enim
976 1670 1181 1760 vituperatur
1200 1677 1234 1736 et
1249 1688 1309 1734 ca-

195 1771 351 1862 stigatur,
368 1769 479 1860 quod,
494 1792 599 1859 quum
613 1771 786 1862 praeditus
802 1773 844 1839 sit
858 1773 1007 1856 ratione,
1025 1793 1101 1840 eam
1116 1781 1228 1838 tamen
1247 1792 1309 1839 cu-

195 1873 392 1966 piditatibus
407 1871 620 1963 posthabeat
652 1874 760 1965 igitur
774 1897 878 1964 quum
890 1874 1057 1944 rationulis
1070 1883 1186 1942 natura
1199 1872 1310 1940 facul-

195 1985 313 2063 tasque
335 1982 427 2044 recte
452 1984 486 2043 et
502 1977 588 2045 iuste
605 1977 731 2067 agendi
751 1978 784 2047 ei
800 1977 903 2046 adimi
925 1985 1090 2066 nequeat,
1114 1977 1161 2043 ob
1181 1975 1309 2042 nnllam

194 2073 349 2147 iniuriam
363 2079 456 2146 omni
470 2077 632 2169 dignitate
645 2079 847 2172 privabitur,
873 2080 935 2148 sed
948 2090 1083 2148 eatenus
1099 2086 1226 2145 tantum
1243 2098 1309 2166 pro

194 2181 329 2249 rationis
341 2190 478 2272 experte
492 2180 668 2251 habendus
685 2183 765 2273 erit,
790 2191 952 2273 quatenus
967 2183 1102 2250 rationis
1113 2182 1209 2272 leges
1226 2203 1310 2247 con-

79 2340 88 2362 .
193 2284 320 2352 temnit
369 2285 541 2356 Hactenus
556 2285 659 2376 igitur
676 2287 768 2356 omni
789 2287 863 2356 iure
876 2295 985 2374 caret,
1010 2285 1174 2374 malisque
1198 2290 1311 2373 potest

195 2386 296 2456 affici.
328 2386 377 2455 At
395 2409 476 2456 vero
491 2386 561 2459 hoc
578 2390 715 2456 nomine
726 2389 822 2478 quod
840 2390 967 2457 malum
985 2389 1018 2455 ei
1038 2388 1156 2472 datur,
1181 2393 1309 2452 tantum

200 2491 311 2577 abest,
335 2501 372 2559 ut
391 2512 504 2581 poena
525 2492 694 2581 appellari
713 2492 835 2580 possit:
860 2491 944 2559 nihil
966 2490 1059 2558 aliud
1080 2511 1123 2557 eo
1152 2488 1308 2572 efficitur,

193 2614 298 2680 quam
309 2599 349 2660 ut
362 2592 408 2660 ad
420 2594 571 2662 officium
589 2599 740 2682 cogatur.
779 2591 914 2658 Etenim
927 2591 954 2656 si
969 2589 1216 2678 quis'hactenus
1233 2597 1309 2656 tan·

62 2751 65 2754 .
103 2720 106 2725 ·
193 2701 286 2777 tum,
317 2702 479 2782 quatenus
505 2693 670 2762 rationem
698 2691 854 2784 repudiat
875 2702 976 2782 atque
998 2692 1131 2777 abiicit,
1166 2691 1309 2758 aliorum

99 2861 103 2866 .
196 2818 281 2888 erga
293 2818 329 2862 se
344 2795 459 2864 officia
474 2794 609 2867 amittit:
630 2796 757 2881 omnia,
774 2816 1005 2886 quaecumque
1018 2804 1190 2884 tamquam
1205 2796 1309 2862 ratio-

195 2921 239 2968 ne
251 2920 293 2967 ac
305 2898 508 2969 iurecarens
524 2898 724 2990 perpetitur,
744 2901 780 2967 in
794 2899 1011 2989 impediendo
1025 2898 1144 2966 iniusto
1159 2898 1309 2966 facinore

196 3001 373 3072 consistere
385 3021 520 3070 necesse
535 3010 592 3069 est.
622 3002 711 3071 Nam
725 3001 843 3092 siquid
853 3011 1030 3093 praeterea
1038 3002 1167 3069 adversi
1177 3003 1213 3069 in
1231 3023 1309 3068 eum

195 3112 411 3189 statueretur,
436 3104 473 3171 id
493 3125 599 3193 quum
620 3113 737 3177 contra
758 3106 888 3173 rationo
902 3105 1095 3198 praeditum
1108 3104 1183 3171 fieri
1198 3103 1309 3171 existi-

194 3207 357 3276 mandum
369 3215 465 3294 esset,
475 3208 632 3277 iniustum
644 3209 743 3279 foret
761 3209 833 3278 Ad
845 3208 916 3279 hoc
931 3228 1037 3300 genus
1051 3217 1163 3278 autem
1176 3228 1309 3298 poenae

195 3311 378 3404 pertinent,
403 3333 508 3399 quae,
532 3319 570 3378 ut
584 3333 685 3403 supra
697 3311 959 3382 demonstratum
973 3312 1076 3398 est,
1067 3334 1139 3379 rure
1160 3308 1308 3459 cogendi

195 3434 265 3483 non
277 3422 352 3481 sunt
363 3413 637 3504 comprehensae

298 3516 416 3586 Altera
435 3519 539 3602 ratio,
565 3540 633 3608 qua
653 3540 759 3606 quum
781 3518 825 3585 ab
851 3517 955 3602 aliis,
969 3524 1042 3584 tum
1057 3514 1192 3582 aMose
1205 3446 1308 3580 Meri-

195 3618 311 3689 delide
330 3619 450 3688 rustrtru
459 3642 647 3710 poenarum
662 3621 801 3688 defensa
814 3629 880 3706 est,
906 3620 954 3686 sic
972 3643 1007 3687 se
1022 3618 1136 3684 habet.
1181 3616 1307 3684 lustum

146 3737 149 3742 “
195 3723 356 3793 libertatis
367 3744 483 3812 usum,
507 3723 675 3812 inquiunt,
700 3744 769 3791 non
784 3723 889 3792 modo
904 3721 1097 3804 licettueri,
1123 3719 1184 3786 sed
1208 3721 1307 3786 etiarn

196 3834 340 3917 oportet
367 3825 446 3912 Quo
455 3828 563 3918 magis
576 3848 710 3897 neccue
727 3836 786 3911 est,
803 3835 840 3895 ut
851 3825 963 3893 omnia
977 3824 1022 3891 ad
1036 3823 1307 3890 tuendamliber-

196 3938 300 3997 tatem
323 3928 531 4013 adiumenta,
560 3950 647 4019 quae
670 3928 808 4017 quidem
822 3926 996 4018 prohibita
1007 3948 1075 3994 non
1089 3928 1166 4010 sint,
1180 3925 1308 4014 possint

197 4029 361 4099 adhiberi.
400 4032 441 4100 In
456 4033 577 4122 quibus
593 4054 698 4120 quum
708 4052 843 4124 poenae
853 4040 1075 4115 numerentur,
1093 4031 1212 4119 punire
1233 4028 1307 4095 lae-

197 4133 334 4203 dentem
351 4133 441 4221 lieet,
457 4136 525 4203 sire
538 4135 641 4230 ipsius
655 4134 723 4202 sire
739 4135 881 4201 aliomm
894 4133 1170 4202 deterrendorum
1182 4153 1306 4200 caussa.

164 4278 167 4283 >
298 4237 376 4304 Hac
404 4240 534 4321 ratione
563 4238 622 4328 qui
645 4260 681 4306 se
704 4235 856 4306 effecisse
887 4236 1015 4325 aliquid
1036 4243 1171 4327 putant,
1201 4231 1308 4301 vehe-

196 4347 326 4410 menter
337 4339 505 4411 falluntur.
554 4343 642 4413 Nam
656 4328 834 4434 idipsum,
859 4339 955 4431 quod
967 4340 1195 4409 demonstrare
1210 4337 1308 4406 vole—
