2826 4904
272 301 454 362 anosnn
482 299 539 361 aa
565 299 813 362 sorriana
836 269 1113 362 onnrroms.
1197 306 1259 366 ror

145 472 249 542 dictio
268 496 289 539 a
301 473 438 564 poetica
452 469 577 539 differt.
627 473 689 542 Est
710 473 804 541 eain
824 496 911 543 nexu
935 476 1134 558 verborum,
1157 497 1260 563 quem

144 578 428 649 constructionem
442 597 621 658 vocamus,
645 578 767 666 posita.
818 579 872 645 Ac
887 579 1046 669 quoniam
1058 580 1092 645 in
1107 577 1177 645 aliis
1195 579 1259 646 lin-

142 680 219 772 guis
243 680 310 747 alia
341 688 392 747 est
418 678 670 747 constructionis
700 681 805 765 ratio,
837 703 905 749 non
930 691 1042 772 potest
1069 704 1192 772 prosae
1225 690 1309 752 et2⁰

141 784 301 873 poeticae
317 781 569 851 constructionis
587 781 777 850 differentia
791 783 837 850 ita
853 786 1028 875 explicari,
1053 796 1091 852 ut
1107 784 1260 873 singulae

143 887 276 953 formae
302 886 494 977 praeceptis
514 886 728 953 illustrentur.
786 886 858 953 Sed
878 886 948 957 hoc
970 898 1082 956 tamen
1103 896 1259 977 apertum

143 999 212 1073 est,
243 1010 366 1079 prosae
386 989 543 1056 orationis
569 989 852 1057 constructionem
885 991 986 1083 copia
1004 992 1258 1074 vocabulorum,

142 1113 226 1175 usu,
252 1092 494 1176 collocatione,
520 1094 749 1159 membrorum
768 1091 915 1181 denique
936 1095 1186 1182 comparatione
1205 1102 1259 1159 ta-

141 1195 214 1263 lem
237 1219 309 1262 csse
331 1194 475 1278 debere,
507 1217 722 1283 quaequam
750 1195 894 1264 maxime
919 1196 964 1263 ad
989 1198 1115 1265 claram
1136 1196 1259 1264 idonea

142 1298 184 1366 sit
207 1297 464 1387 perfectamque
476 1298 870 1388 rerumintelligentiam
922 1300 1061 1369 Poetica
1075 1322 1158 1368 vero
1175 1311 1259 1368 ton-

143 1401 299 1486 structio,
332 1423 438 1489 quae,
469 1408 507 1467 ut
530 1400 604 1490 ipsa
632 1401 759 1492 poesis,
789 1400 834 1468 ad
868 1401 970 1469 animi
998 1403 1258 1475 oblectationem

142 1505 403 1573 accommodata
419 1525 490 1570 esse
513 1503 632 1590 debet,
656 1504 796 1572 liberior
817 1513 884 1590 est,
908 1506 1126 1590 luxuriosior,
1152 1505 1258 1572 auda-

142 1607 234 1692 cior,
260 1607 422 1695 illalnque
444 1605 674 1698 diligentiam,
708 1629 811 1697 quam
830 1630 944 1676 rerum
965 1618 1123 1677 accurata
1136 1607 1258 1698 cogni-

140 1709 188 1777 tio
204 1711 325 1802 exigit,
351 1711 451 1778 etiam
463 1709 568 1777 vitare
584 1719 618 1777 et
632 1710 806 1778 studiosius
822 1709 975 1800 effugere
988 1711 1084 1796 solet,
1109 1719 1182 1779 tum
1193 1733 1258 1778 no-

141 1814 244 1881 vitate
265 1812 441 1898 orationis,
472 1821 546 1879 tum
565 1812 712 1901 quadam
735 1813 836 1880 etiam
855 1815 1116 1904 perturbatione.
1166 1815 1256 1883 Rem

141 1917 306 2006 exemplis
326 1915 528 2006 quibusdam
547 1915 733 1985 illustrabo.
784 1917 824 1986 ln
846 1917 1028 1989 scoliorum
1046 1917 1257 1992 collectioni-

139 2018 204 2088 bus
220 2020 378 2115 leguntur
393 2019 433 2088 hi
445 2019 618 2090 versiculi:

1299 2092 1313 2127 Ι

295 2157 453 2231 συνετῶν
476 2159 577 2231 ἔστιν
601 2155 764 2256 ἀνδρῶν,

296 2258 380 2353 πρὶν
400 2260 572 2349 γενέσθαι
587 2254 636 2328 τοὶ
652 2258 823 2353 δοςχερῆ,

294 2357 496 2454 προνοῆσαι
519 2355 613 2439 ὅπως
631 2352 685 2455 μή
698 2361 863 2456 γένηται·

295 2457 468 2557 ἀνδρείων
490 2461 548 2547 δέ,
580 2455 757 2554 γενόμενα
778 2456 820 2533 εὖ
840 2461 990 2534 θέσθαι.

138 2599 232 2667 Pene
255 2595 456 2666 incredibile
472 2605 541 2675 est,
565 2606 635 2665 tarn
651 2598 839 2666 invenustos
860 2597 963 2665 fuisse
977 2604 1031 2664 tot·
1044 2595 1190 2665 eruditos
1203 2600 1256 2666 vi·

139 2724 213 2785 ros,
238 2709 277 2788 ut
288 2698 377 2768 haee
392 2700 544 2767 carminis
558 2701 637 2770 loco
650 2709 883 2785 numerarent,
909 2700 944 2768 in
965 2701 1085 2788 quibus
1101 2723 1165 2770 nec
1178 2724 1256 2769 ver·
1372 2720 1375 2728 ·

138 2805 194 2888 ba,
220 2824 284 2870 nec
297 2803 437 2888 numeri,
461 2826 573 2892 neque
585 2805 785 2885 constructio
798 2803 985 2893 quidquam
996 2802 1136 2889 habent,
1160 2804 1256 2893 quod

139 2908 195 2975 vel
212 2906 348 2975 minima
369 2908 572 2997 cognatione
586 2908 708 2999 poesin
731 2908 915 2998 contingat.
967 2906 1255 2976 commotionem
1293 2991 1299 2996 ι

139 3008 278 3099 quidem
291 3018 387 3099 patet
395 3010 502 3098 plane
511 3010 557 3076 ad
564 3034 686 3101 prosae
696 3011 851 3094 orationis
864 3033 996 3084 morem
1009 3011 1255 3079 conformatam

140 3135 228 3195 esse,
262 3113 422 3179 membris
444 3115 613 3200 aequabili
634 3115 874 3206 proportione,
911 3113 1098 3202 etquidem
1114 3136 1259 3182 accura-

139 3216 282 3299 tissime,
309 3215 479 3283 disiunctis
495 3224 595 3302 atque
607 3216 694 3282 inter
713 3240 785 3284 sese
803 3215 977 3306 oppositis.
1029 3215 1163 3281 Similes
1176 3238 1254 3282 ver-

138 3341 193 3386 sus
205 3317 288 3385 olim
299 3319 500 3409 legebantur
513 3317 551 3384 in
560 3318 725 3408 Aeschyli
739 3319 882 3409 Septem
897 3317 943 3384 ad
958 3315 1113 3402 Thebas,
1125 3316 1253 3387 naso.

292 3466 357 3544 ον’νν
374 3469 432 3545 ἐπὶ
448 3470 551 3567 φιλίᾳ
558 3525 575 3560 ,

291 3570 373 3647 ἀλλ’
397 3573 455 3647 ici
480 3569 580 3671 φόνῳ
601 3571 808 3672 δινρίθητε,

135 3731 251 3799 omissi
266 3750 355 3798 nunc
368 3738 483 3796 nostro
498 3729 628 3797 monitu
646 3729 850 3800 aSchiitzio.
902 3728 990 3797 Cum
1003 3728 1056 3796 his
1077 3737 1254 3818 comparet
1341 3784 1343 3788 .

134 3833 259 3922 aliquis
273 3833 376 3902 velim
390 3831 479 3902 haec
492 3832 651 3901 Pindari:

294 3967 446 4066 ἄριστον
465 3969 534 4059 μὲν
557 3967 673 4063 ὕδωρ,
700 3965 721 4040 ὀ
743 3967 784 4040 δέ

292 4065 420 4167 χρυσός
441 4065 640 4162 αἰθόμενον
660 4069 731 4167 πῦρ
764 4141 766 4146 .

292 4173 357 4246 εἴτε
380 4173 568 4267 διαπρέπει
589 4200 664 4244 νυ-

293 4274 350 4350 ντὶ
369 4267 568 4370 μεγάνορος
587 4275 692 4364 ἔξοχα
711 4266 890 4346 πλούνοεν
