2826 4904
216 288 399 356 Pnostss
426 290 483 353 ΕΤ
511 286 745 353 uourlcau
773 289 1049 356 outu10n18.
1147 297 1192 358 08

75 464 188 534 minos
215 464 397 556 egreditur
448 464 534 534 Vt
523 486 559 532 ιιι
590 463 667 557 ipso
687 463 800 555 operis
819 458 930 533 initio:
964 458 1195 588 Ηρρδόιοι

74 565 426 691 ’Λλιιιαρνρσσῆος
410 566 572 689 ισιρρίης
606 560 771 650 α’πόδεξις
807 565 891 664 ῆδι·
945 566 990 649 οἱς
1018 562 1114 662 μήτε
1143 595 1191 640 ια

78 665 257 764 γινόμενα
295 676 332 753 ἐξ
362 663 568 764 ἀνθρώπων
600 670 655 760 τῷ
693 663 809 766 χρόνῳ
851 669 991 793 ἐξίτηλα
1034 673 1193 797 νένρται,

77 767 174 870 μὴιι
204 774 292 869 ἔργα
319 768 461 865 μεγάλα
500 799 543 844 τι
578 771 638 846 καὶ
666 767 893 864 θαυμαστά,
928 800 976 845 ια
1003 774 1073 864 μὲν
1097 770 1193 847 Ελ-
1228 864 1233 875 ·

79 881 185 972 λησι,
211 903 259 948 ια
251 871 320 948 δι’
344 868 569 969 βαρβάροισι
592 870 867 965 ἀποδεχθέντα,
900 871 1012 948 αἰιλιιὶ
1031 877 1192 971 γένηται

77 980 215 1068 Eteap.
230 979 273 1046 V.
298 970 364 1050 τον
381 980 418 1051 δὲ
443 975 526 1050 οἶδα
546 971 817 1073 αοίὀςπροῖιον
833 971 1044 1073 οποῖρξαντα
1063 975 1194 1050 dulsos
1311 1019 1314 1023 ·

78 1080 192 1178 ἔργον
214 1085 249 1162 ἐς
271 1107 356 1160 τους
368 1079 564 1202 Ελληνας,
590 1080 727 1153 τοῦτον
749 1074 925 1199 σημήνας,
959 1073 1194 1175 προβήσομαι

79 1189 115 1264 ἐς
131 1179 178 1257 τό
192 1177 314 1279 πρόσω
330 1209 398 1256 τοι
385 1176 533 1274 λόγον,
560 1179 694 1301 ομοίως
705 1209 839 1278 σμικρα
853 1210 911 1253 και
905 1177 1104 1274 μεγάλα
1079 1208 1194 1253 αστια

78 1280 285 1416 οἱνθρρλπον
298 1281 462 1367 ἐπεξιών·
487 1313 535 1358 τα
527 1279 786 1405 reprenditur
794 1279 977 1412 μιγρίλα
953 1312 1009 1382 ην,
1035 1313 1083 1356 ια
1075 1278 1194 1357 πολ-

77 1382 128 1462 λα
150 1385 287 1461 αὐτέων
310 1414 445 1483 σμινρα
473 1390 614 1480 γέγονε·
645 1381 696 1459 cd
721 1389 803 1460 δὲ
785 1385 837 1461 ιπ’
861 1388 950 1479 ἑμιῦ
971 1414 1015 1483 ην
1038 1380 1193 1478 μεγάλα,

79 1484 261 1608 πρότερον
284 1485 327 1587 ἦν
349 1484 495 1608 σμικροί.
532 1483 600 1584 τήν
623 1485 907 1608 ἄνθρωπηῖην
878 1517 927 1562 ον
954 1483 1194 1580 ἐπιστάμενος

77 1588 312 1722 εὐδαιμονίην
334 1589 519 1685 οὐδαμοῖ’
499 1620 539 1667 εν
560 1588 689 1686 τούτῷ
709 1596 915 1685 μένουσαν,
948 1585 1196 1686 ἐπιμνήσομαι

78 1691 300 1790 ἀμφοτέρων
335 1692 476 1788 ὁμοίως.
527 1695 599 1764 Sed
625 1665 750 1779 redeo,
789 1694 880 1762 uude
912 1694 1080 1785 digressus
1110 1715 1194 1759 sum.

77 1798 271 1890 Singularia
288 1821 353 1888 per
376 1798 751 1889 generaliaiutelligere
773 1809 823 1865 est
837 1818 1061 1889 cognoscere,
1087 1816 1196 1890 geue-

76 1902 161 1968 raiia
188 1902 413 1993 singularibus
437 1901 585 1969 indicata
606 1902 764 1992 persequi
790 1910 840 1969 est
858 1900 1041 1992 cogitando
1066 1899 1194 1968 ludere.

33 2015 37 2019 ’
75 2004 196 2093 Itaque
216 2027 339 2095 prosae
359 2006 517 2073 orationis
537 2008 680 2096 propria
694 2005 844 2097 cognitio
868 2015 933 2091 est,
958 2026 1104 2096 poeseos
1121 2004 1195 2070 aui-

74 2109 126 2178 mi
139 2109 241 2176 lusus,
290 2110 402 2176 Nexus
419 2111 613 2194 notionum,
644 2132 733 2198 quae
757 2118 832 2175 suut
854 2108 889 2173 in
909 2132 1012 2198 prosa
1032 2108 1208 2191 oratione„

76 2210 238 2277 definitur
252 2210 386 2298 legibus
400 2212 456 2294 iis,
483 2234 571 2296 quae
590 2210 635 2277 ad
648 2211 877 2299 cognitionem
892 2231 1004 2276 rerum
1017 2209 1196 2298 pertinent,

72 2310 171 2383 uude
203 2311 391 2377 obiectivae
423 2334 444 2376 a
471 2310 688 2400 philosophis
709 2319 884 2377 vocantur·
924 2311 1040 2432 iisque·
1060 2310 1195 2401 legibus

75 2412 289 2489 constituitur
310 2413 439 2480 veritas.
490 2413 603 2479 Nexus
622 2413 793 2497 idearum,
826 2415 1040 2501 quaesunt
1030 2436 1065 2481 m
1086 2413 1195 2503 poesi,

75 2519 174 2609 leges
198 2496 319 2598 habet,
353 2538 440 2603 quae
464 2516 508 2583 ad
527 2516 628 2582 animi
647 2539 778 2583 sensum
798 2525 965 2606 spectant,
995 2538 1079 2603 quas
1101 2518 1198 2606 leges
1265 2573 1268 2577 .

77 2620 277 2690 subiectivas
293 2618 410 2687 dicunt
423 2618 643 2738 philosophi.
669 2642 732 2709 per
754 2619 816 2685 has
833 2641 914 2687 vero
928 2617 1123 2710 pulcritudo
1143 2617 1198 2684 ef-

77 2724 197 2793 ficitur.
218 2795 224 2806 ,
249 2723 368 2809 ltaque
389 2744 477 2810 quae
501 2723 537 2789 iu
559 2721 896 2813 descriptionibus,
887 2746 922 2790 ιιι
943 2722 1195 2808 narrationibus,

77 2829 115 2895 in
130 2825 463 2895 demonstrationibus
477 2825 562 2892 falsa
578 2836 701 2894 suntet
721 2827 849 2894 veritati
863 2826 1105 2917 repugnantia,
1132 2824 1196 2893 de-
1259 2815 1264 2825 ’

77 2929 254 2998 monstrari
269 2928 541 3020 argumentisque
553 2929 665 2998 refelli
678 2941 831 3019 possunt:
857 2952 1039 3018 quaerero
1053 2928 1098 2998 ad
1113 2930 1194 3019 pul·
1204 2939 1246 3001 lu

79 3032 279 3102 critudinem
297 3032 403 3099 minus
423 3034 548 3122 polita,
582 3035 638 3101 vel
659 3031 760 3101 etiain
790 3035 906 3123 inepta
931 3031 1011 3118 sint,
1044 3032 1196 3100 indicare

79 3136 180 3220 licet,
210 3137 237 3202 si
262 3134 319 3202 alii
340 3134 434 3202 idem
461 3137 617 3219 sentiant,
650 3137 790 3226 probari
812 3145 941 3219 autem,
974 3136 1002 3202 si
1029 3135 1102 3223 quis
1126 3134 1196 3200 dis-

79 3241 217 3322 sentiat,
267 3260 336 3306 nou
372 3247 494 3327 potest.
563 3238 719 3306 Afferam
764 3238 912 3327 exempli
961 3259 1076 3306 caussa
1120 3236 1219 3325 epi-.

80 3365 235 3434 gramma
260 3339 476 3427 Mnasaleae,
507 3339 614 3408 simile
641 3343 691 3428 ei,
731 3340 826 3431 quod
855 3359 1194 3438 snpralcommemo-

76 3454 189 3514 ratum
223 3452 283 3512 est

177 3594 279 3696 Ἤδη
293 3595 382 3693 reida
398 3598 494 3726 μένω
510 3597 670 3692 πολέμου
689 3593 793 3689 δι’χα,
818 3589 1092 3677 ιιαλονοῖναιιιος

235 3703 386 3828 ρτέρνον
402 3701 479 3824 ἑμμ
489 3695 588 3796 νώτῳ
605 3696 801 3774 πολλάκι’
778 3701 963 3824 ροσαμένα
971 3753 986 3823 ζ

184 3801 312 3900 καίπερ
317 3799 580 3933 τηλιβρλονς
563 3797 658 3886 code,
683 3831 743 3876 ναι
735 3796 925 3924 χιρμρίδι
942 3792 1030 3872 αι’να

232 3907 362 4002 μυρία,
387 3934 445 3978 ναι
439 3900 610 3996 δολιχας
624 3906 799 3997 δεξαμένα
812 3929 985 3997 ιαμαιιας.

185 4005 273 4084 ον’δέ
282 4036 373 4082 ποιι
389 4007 564 4082 Κλείτοιο
580 4013 698 4080 λιπεῖν
721 4001 922 4102 περιμάιιια
949 4001 1067 4094 ποῖχνν

235 4111 332 4210 φαμὶ
353 4137 448 4182 nara
439 4103 649 4207 βλοσυρον
671 4113 846 4207 φλοῖσβον
860 4104 1065 4182 Ενναλίον.

75 4265 257 4336 Neminem
268 4273 353 4360 puto
369 4264 463 4349 fore,
489 4261 544 4334 oui
555 4263 691 4356 placeat
703 4254 813 4336 ιιαλόν
829 4259 980 4357 σιέρνον
996 4260 1068 4332 viro
1083 4260 1195 4334 bella-
