2826 4904
259 309 450 371 Pnosrr
469 309 527 371 ET
547 306 786 370 conuictu
807 306 1082 373 ott-Arionis.
1184 311 1230 385 β

116 481 276 568 nefalsa,
301 503 405 570 quam
424 503 468 549 ne
489 503 558 548 non
570 484 647 550 satis
660 484 753 552 clara
777 504 848 549 esse
862 478 1025 548 rideatur.
1074 477 1164 548 Nam
1182 478 1229 548 de

117 607 161 653 eo
185 584 324 673 quidem
344 584 512 652 neminem
532 608 555 651 a
579 587 678 653 nobis
701 585 923 652 dissensumm
944 594 1118 675 putamus,
1151 582 1229 649 nul-

114 689 189 754 lum
212 710 285 755 esse
307 686 443 755 dicendi
464 710 590 778 geum,
615 690 643 755 si
665 712 686 755 a
703 689 801 779 poesi
821 688 1026 772 discesseris,
1052 685 1134 773 quin
1152 684 1230 753 artis

114 790 308 859 rhetoricae
327 793 520 880 praeceptis
538 791 706 882 indigeat,
738 789 1012 879 quandoquidem
1033 810 1102 855 non
1119 789 1229 857 solum

114 917 192 978 eos,
218 894 277 981 qui
294 893 437 983 proprio
450 894 585 962 nomine
599 904 747 962 oratores
761 903 939 976 vocantur,
963 892 1024 960 sed
1038 891 1228 976 historicos,

112 995 362 1088 philosophos,
389 997 604 1085 epistolarum
618 997 815 1087 scriptores,
842 995 978 1063 omniuo
996 1015 1229 1083 quoscumque

112 1121 219 1190 prosa
239 1101 391 1167 oratione
414 1109 559 1185 utenteS,
587 1111 658 1167 arte
681 1098 829 1188 quadam
843 1097 996 1183 dicendi,
1021 1097 1151 1164 diversa
1167 1095 1228 1167 illa

112 1203 255 1292 quddam
271 1203 306 1269 in
330 1202 466 1270 diversis
482 1203 680 1293 generibus,
707 1202 767 1269 sed
782 1202 881 1268 simili
903 1209 1016 1269 tamen
1040 1209 1074 1268 et
1094 1221 1136 1266 ex
1158 1220 1227 1268 uno

110 1305 265 1395 quodam
286 1305 381 1372 fonte
403 1304 569 1390 derivata,
594 1328 681 1395 opus
694 1304 824 1373 habere
845 1304 1007 1373 videmus.
1057 1301 1150 1371 lllud
1166 1325 1227 1370 ve·

110 1432 172 1493 ro,
197 1410 321 1496 inquo
342 1431 472 1475 summa
502 1408 600 1476 huius
620 1409 852 1499 disputationis
870 1417 1037 1491 versatur,
1063 1405 1228 1474 differen-

110 1514 196 1581 tiam
224 1511 303 1580 dico
330 1533 455 1600 prosae
481 1520 515 1579 et
535 1512 693 1602 poeticae
718 1511 891 1596 orationis,
922 1508 1094 1578 obscurius
1116 1517 1166 1575 est
1192 1516 1227 1576 et

109 1614 294 1683 maioribus
318 1614 501 1682 obnoxium
522 1615 794 1683 dubitationibus.
846 1613 900 1680 De
915 1634 984 1700 quo
1004 1610 1123 1681 sisatis
1144 1616 1256 1698 per-b

109 1717 230 1808 spicue
247 1718 410 1808 explicari
424 1719 570 1809 poterit,
595 1741 665 1784 non
677 1717 869 1785 dubitamus
884 1715 978 1799 fore,
1003 1713 1084 1802 quin
1105 1722 1140 1780 et
1154 1713 1225 1798 illa,

110 1843 215 1910 quam
234 1821 424 1910 posuimus,
451 1819 642 1888 rhetoricae
663 1819 815 1892 delinitio
838 1819 943 1909 plane
958 1815 1102 1908 intelligi
1115 1824 1226 1903 queat,

109 1933 146 1991 et
165 1924 244 2014 ipsa,
262 1923 350 1992 haec
375 1923 510 1991 dicendi
531 1947 584 1990 ars
613 1923 778 2014 aptiorem
791 1922 973 2011 quamdam
996 1927 1031 1988 et
1047 1919 1226 1991 certiorem
1347 1945 1370 1969 ⁴·

107 2026 324 2116 disciplinam
345 2027 412 2094 sibi
434 2026 642 2095 vindicatura
669 2027 718 2094 sit.
781 2026 855 2094 Sed
883 2048 953 2093 uon
984 2046 1059 2091 sum
1084 2022 1225 2105 nescius,

106 2138 181 2196 tam
209 2131 277 2196 late
295 2139 412 2217 patere
439 2128 529 2198 hanc
551 2131 780 2218 quaestionem
800 2129 846 2196 de
865 2148 989 2216 prosae
1013 2124 1170 2193 orationis
1191 2133 1226 2192 et

106 2252 257 2322 poeseos
283 2231 473 2296 differentia
482 2253 496 2312 ‘,
527 2233 694 2316 tantisque
715 2230 913 2316 impeditam
926 2249 998 2294 esse
1013 2225 1226 2294 difficultati·

107 2335 195 2414 bus,
221 2340 276 2413 ut,
302 2331 330 2396 si
358 2332 431 2418 quis
451 2331 583 2419 penitus
611 2329 785 2398 exhaurire
806 2328 899 2399 huno
925 2329 1041 2400 locum
1070 2327 1225 2412 voluerit,

107 2437 143 2503 ei
163 2435 218 2502 vix
236 2455 399 2524 magnum
415 2434 575 2500 volumen
587 2433 744 2501 sufficere
757 2432 920 2503 videatur.
969 2433 1024 2500 Ao
1041 2429 1125 2498 mihi
1146 2431 1225 2517 qui-

107 2539 191 2607 dem
212 2556 316 2625 quum
340 2536 610 2603 academicorum
634 2535 852 2624 scriptionum
880 2534 1025 2601 brevitas
1052 2532 1225 2622 optionem

108 2641 263 2724 fecisset,
290 2648 400 2706 utrum
415 2640 562 2730 singulas
576 2638 765 2729 argumenti
774 2639 865 2705 istius
876 2647 990 2727 partes
1006 2636 1144 2726 singulis
1159 2634 1223 2702 da-

107 2747 152 2811 tis
170 2742 473 2833 opportunitatibus
494 2751 698 2834 pertractare
716 2742 901 2832 copiosius,
927 2763 971 2809 au
990 2740 1130 2807 brevem
1147 2738 1224 2806 uni·

109 2869 225 2914 versae
253 2845 485 2935 disputationis
508 2846 799 2913 adumbrationem
822 2866 892 2912 uno
905 2845 961 2911 vel
979 2843 1119 2912 duobus
1136 2863 1222 2910 con-

107 2949 228 3026 iunct‘s
257 2948 379 3016 libellis
414 2948 706 3038 comprehendere
732 2949 874 3017 vellem:
906 2946 1087 3016 consultius
1112 2945 1221 3012 visum

110 3061 241 3136 est„et
264 3052 310 3118 ad
332 3052 605 3141 perspicuitatem
622 3053 690 3135 rei,
715 3050 910 3140 praesertim
933 3057 1029 3117 antea
1056 3047 1221 3116 nonsatis

109 3155 290 3245 diligenter
323 3155 510 3242 expositae,
548 3154 851 3239 accommodatius,
897 3153 1000 3221 totius
1031 3149 1221 3240 argumenti

108 3257 291 3346 quamdam
307 3257 400 3345 quasi
413 3257 672 3325 delineationem
691 3255 860 3324 exhibere.
891 3254 992 3321 Hanc
1005 3273 1085 3319 vero
1099 3251 1219 3339 dispu-

107 3362 270 3428 tationem
290 3361 337 3426 ita
359 3359 595 3426 instituendam
615 3369 794 3450 putamus,
823 3366 861 3423 ut
888 3354 1042 3445 Engelii,
1076 3353 1219 3438 Sulzeri,

108 3464 319 3551 aliorumque
339 3463 522 3546 sententiis,
551 3462 610 3550 qui
630 3470 786 3528 antenus
806 3462 842 3528 iu
867 3458 991 3526 eodem
1019 3466 1219 3549 argumento

108 3567 342 3650 elaborarunt,
367 3563 622 3656 praetermissis,
648 3586 737 3631 nova
760 3562 907 3652 quadam
927 3562 1056 3629 ratione
1075 3583 1148 3629 rem
1173 3559 1220 3626 ab

106 3671 167 3753 iis,
200 3692 287 3757 quae
311 3668 422 3760 prima
449 3668 519 3735 eius
547 3671 712 3736 elementa
735 3677 827 3752 sunt,
860 3675 1061 3754 repetamus.
1113 3659 1219 3744 Quod

105 3771 178 3840 hoc
197 3773 304 3839 miuus
329 3773 409 3839 vitio
431 3773 527 3841 nobis
554 3791 728 3862 speramus
747 3769 865 3837 datum
884 3768 943 3852 iri,
969 3765 1079 3853 quod,
1112 3785 1219 3849 quum

106 3875 175 3960 illi,
215 3883 335 3965 utpote
371 3874 421 3942 rei
450 3884 567 3942 natura
598 3894 668 3941 non
700 3871 804 3961 plane
840 3879 1039 3961 perspecta,
1088 3865 1144 3954 vix
1158 3861 1219 3932 'ad

106 3979 311 4074 popularem
361 3986 499 4065 captum
545 3977 622 4045 satis
672 3984 753 4063 apte
797 3973 986 4043 disseruisse
1029 3967 1216 4052 videantm,

104 4081 202 4150 haud
229 4082 331 4151 facile
357 4101 561 4168 quemquam
584 4079 660 4146 fore
679 4077 920 4157 existimamus,
952 4073 1010 4161 qui
1030 4080 1087 4139 aut
1101 4070 1215 4140 refelli

103 4185 184 4254 illos
210 4183 378 4277 postulet,
406 4191 464 4252 aut
486 4182 559 4272 ipse
583 4183 618 4252 iu
645 4181 787 4250 illorum
810 4177 980 4249 sententiis
1003 4175 1220 4269 acquiescere

105 4289 218 4361 velit..
553 4287 556 4291 ’
599 4322 602 4328 ·
