2826 4904
192 322 237 384 so
546 318 603 378 ua
631 281 956 380 urrrairsurra

214 527 216 531 ¹
295 490 350 560 Ac
363 514 450 579 quae
463 490 552 559 duae
572 497 645 557 sunt
661 489 766 559 omnis
789 456 944 556 orationis
967 497 1097 578 partes,
1124 487 1315 577 cogitatio-

194 614 254 662 nes
268 601 302 662 et
322 616 452 678 sermo,
479 594 600 660 barum
616 592 660 658 de
673 601 814 682 utraque
829 592 1011 659 dicendum
1029 591 1089 658 erit
1104 590 1312 680 singulatim.

194 696 267 766 Sed
286 697 444 785 quouiam
464 707 604 785 utraque
624 693 746 762 harum
764 696 910 784 partium
935 717 975 762 ex
995 693 1048 759 bis
1069 693 1201 760 dnobus
1223 715 1314 760 con-

12 828 13 835 *
95 866 101 873 .
195 807 276 884 stat,
310 800 449 867 materia
475 801 668 887 formaque,
695 821 836 886 quarum
857 798 1030 865 materiam
1052 797 1215 880 dicimus,
1242 818 1314 883 qua

196 902 417 992 cogitationes
439 912 473 969 et
494 924 603 970 sermo
629 902 665 967 id
683 902 794 992 ipsum
812 912 903 983 sunt,
930 900 1023 988 quod
1042 909 1131 982 sunt,
1162 899 1315 965 formam

196 1016 311 1072 autem
328 1028 488 1074 vocamus
505 1007 686 1086 rationem,
712 1028 780 1092 qua
801 1027 865 1094 pro
891 1003 1026 1070 (liversis
1048 1003 1171 1068 finibus
1196 1001 1313 1068 ‹liver-

196 1128 268 1175 sam
294 1111 364 1176 rim
388 1096 543 1176 induunt:
588 1117 742 1198 apertum
768 1119 833 1192 est,
867 1107 910 1174 de
934 1107 1045 1173 forma
1067 1105 1316 1195 cogitationum

85 1290 88 1299 Ι
196 1214 441 1301 sermonisque,
479 1211 612 1278 nonde
637 1210 793 1295 materia,
835 1211 930 1277 nobis
961 1208 1199 1298 exponendum
1228 1232 1314 1279 esse.

196 1312 311 1400 Quam
333 1317 421 1382 enim
439 1316 612 1382 materiam
637 1315 879 1404 cogitationum
906 1322 939 1380 et
970 1312 1129 1379 sermonis
1157 1311 1317 1376 nomina-

197 1439 290 1501 mus,
328 1440 368 1486 ea
394 1417 472 1505 quia
494 1418 680 1486 communis
701 1426 749 1483 est
770 1417 876 1483 omnis
899 1415 1072 1498 orationis,
1106 1436 1172 1481 non
1195 1412 1316 1497 habet,

198 1519 292 1607 quod
308 1519 352 1587 ad
372 1522 491 1611 poesin
505 1530 539 1588 et
551 1543 686 1611 prosam
702 1520 884 1586 orationem
901 1520 986 1585 inter
1007 1542 1044 1586 se
1061 1517 1317 1607 distinguendas

199 1621 354 1692 adhiberi
381 1624 497 1713 possit.
547 1625 661 1712 Atque
685 1622 783 1688 huius
809 1623 941 1713 generis
965 1622 1052 1688 duae
1084 1631 1159 1687 sunt
1184 1620 1318 1688 doctri-

198 1747 280 1809 nae,
306 1749 391 1811 una,
418 1748 505 1814 quae
525 1726 768 1817 cogitationum
788 1737 858 1792 arte
880 1725 1083 1805 continetur,
1110 1745 1212 1810 quam
1239 1723 1317 1789 dia-

170 1829 357 1896 blecticam
385 1839 525 1914 vocant,
561 1831 682 1913 altera,
726 1852 814 1917 quae
843 1829 1001 1895 sermonis
1029 1850 1125 1894 usum
1153 1827 1316 1917 explicat,

200 1930 255 1999 cui
276 1952 401 1997 nomen
424 1933 667 2021 grammaticae
690 1940 748 1998 est.
799 1931 903 2015 Quod
924 1931 952 1997 si
979 1953 1065 2019 quae
1092 1938 1184 2015 suut,
1222 1939 1318 2000 certe

198 2031 294 2121 quod
317 2032 361 2100 ad
374 2034 594 2124 cogitationes
610 2036 743 2118 attinet,
770 2033 974 2100 diversitates
994 2034 1171 2115 materiae,
1198 2055 1217 2099 e
1238 2032 1319 2121 qui-

198 2135 262 2204 bus
276 2135 321 2202 ad
337 2135 567 2208 constituenda
583 2136 740 2203 orationis
755 2159 881 2227 genera
893 2136 1020 2223 aliquid
1035 2137 1198 2203 momenti
1214 2157 1318 2203 acce-

200 2237 276 2324 dat,
301 2237 369 2306 hae
383 2260 536 2330 quoque,
562 2239 721 2328 quoniam
737 2240 877 2307 eaedem
899 2241 1025 2306 suntin
1044 2262 1146 2329 prosa
1163 2241 1318 2306 oratione

200 2351 301 2430 atque
319 2342 354 2408 in
371 2344 485 2433 poesi,
511 2345 630 2411 merito
647 2343 705 2412 bic
724 2343 862 2431 quidem
884 2367 904 2410 a
924 2344 1022 2410 nobis
1043 2342 1318 2432 praetermitten-

199 2453 263 2512 tur.
313 2445 368 2514 Ac
391 2446 436 2513 de
449 2445 503 2513 his
525 2447 592 2514 diui
607 2447 641 2513 in
657 2447 936 2514 commentatione
952 2446 996 2512 de
1016 2447 1148 2536 tragica
1165 2455 1199 2512 et
1217 2445 1319 2536 epica

198 2547 313 2637 poesi,
339 2568 442 2636 quam
455 2550 642 2620 Aristotelis
659 2549 748 2616 libro
764 2549 809 2616 de
833 2561 904 2616 arte
924 2549 1061 2639 poetica
1077 2548 1212 2633 addidi,
1240 2570 1319 2639 cap.

302 2751 378 2820 Erit
402 2762 514 2820 autem
534 2749 622 2820 haec
640 2751 686 2820 de
706 2752 816 2820 forma
833 2753 1007 2837 orationis,
1034 2753 1079 2820 de
1094 2776 1161 2841 qua
1173 2755 1245 2821 sola
1263 2754 1321 2821 di-

202 2853 348 2921 cendum
362 2855 457 2922 nobis
472 2864 538 2939 est,
565 2856 729 2946 tripartita
746 2857 937 2946 disputatio.
990 2855 1087 2940 Quae
1117 2858 1205 2924 enim
1229 2857 1322 2926 duae

202 2965 278 3024 sunt
292 2957 449 3025 orationis
461 2968 588 3048 partes,
616 2959 836 3049 cogitationes
854 2982 894 3027 ac
913 2982 1040 3042 sermo,
1066 2959 1187 3026 barum
1202 2961 1320 3045 altera,

201 3080 390 3129 sermonem
403 3061 503 3146 dico,
529 3063 608 3150 quia
624 3062 736 3129 media
753 3072 803 3129 est
815 3064 899 3130 inter
918 3063 1158 3152 cogitationem
1172 3064 1320 3151 loquen-

201 3162 242 3229 tis
266 3172 300 3230 et
321 3186 452 3231 sensum
473 3165 650 3250 audientis,
678 3165 807 3255 duplici
827 3166 931 3232 modo
948 3166 1151 3233 considerari
1171 3166 1322 3234 debebit.

201 3265 290 3334 Nam
313 3267 407 3355 quod
430 3268 517 3354 dixi,
542 3269 691 3336 mediam
705 3293 777 3338 esse
797 3270 882 3336 inter
897 3269 1062 3357 loquentis
1077 3270 1322 3360 cogitationem

203 3377 238 3435 et
254 3369 414 3436 audientis
428 3394 579 3456 sensum,
604 3372 641 3439 id
662 3371 854 3440 huiusmodi
870 3382 926 3440 est.
979 3373 1178 3456 Vocabula,
1206 3374 1321 3461 equi-

202 3470 266 3539 bus
289 3481 416 3540 constat
438 3497 568 3558 semro,
594 3476 690 3565 signa
710 3487 801 3560 sunt,
829 3476 873 3543 ad
889 3498 966 3543 eum
983 3476 1087 3541 finem
1105 3476 1254 3560 inventa,
1280 3486 1323 3543 ut

202 3574 334 3642 notitias
352 3575 455 3642 animi
472 3587 504 3643 et
524 3578 745 3668 cogitationes
759 3578 941 3645 declarent.
992 3579 1111 3666 Itaque
1126 3580 1239 3668 primo
1262 3578 1321 3644 lo-

203 3698 245 3746 co
266 3679 301 3745 in
321 3678 359 3745 iis
373 3679 594 3767 spectandum
613 3691 677 3769 est,
704 3704 771 3769 qua
791 3683 920 3749 ratione
944 3682 1093 3769 quidque
1115 3682 1315 3770 exprimant,

202 3798 359 3870 quaeque
381 3782 429 3850 vis
458 3804 576 3850 eorum
604 3783 644 3849 sit
668 3795 700 3851 et
725 3784 934 3875 significatio.
1003 3785 1112 3873 quue
1134 3785 1318 3852 dictionem

126 3950 129 3954 Α
203 3907 370 3969 vocamus.
436 3885 508 3953 Sed
532 3886 690 3975 quoniam
715 3888 961 3956 vocabulorum
986 3900 1104 3954 natura
1123 3909 1210 3955 voce
1233 3909 1319 3955 con-

202 3988 343 4073 tinetur,
376 4012 463 4077 quae
489 4010 554 4080 pro
576 4010 733 4057 sonorum
756 3991 893 4058 diversis
919 3991 1241 4058 conformationibus
1263 3990 1317 4056 di-

201 4111 298 4158 verso
318 4093 424 4159 modo
445 4094 591 4160 animum
611 4093 717 4161 afficit
740 4116 781 4162 ac
808 4101 939 4177 movet,
977 4118 1018 4162 ea
1041 4117 1194 4184 quoque,
1228 4117 1318 4181 quae

201 4194 293 4260 vocis
319 4196 460 4286 propria
489 4205 581 4282 sunt,
614 4196 819 4267 considerari
843 4199 1022 4290 oportebit.
1077 4198 1120 4265 Irl
1153 4219 1236 4264 vero
1262 4193 1323 4263 di-'

203 4295 309 4367 cimus
343 4299 578 4376 elocutionem.
636 4301 755 4392 ltaque
788 4300 842 4368 bis
880 4302 986 4371 tribus
1017 4301 1112 4372 lactis
1151 4302 1315 4392 partibm,
