2826 4904
425 1426 1011 1535 PRAEFATIQ

160 2147 295 2282 Quum
317 2207 420 2276 saepe
442 2192 583 2277 rogatus
608 2209 733 2272 essem,
771 2197 808 2256 ut
830 2189 865 2255 in
896 2207 1001 2252 unum
1027 2204 1149 2276 corpus
1173 2183 1282 2253 colle-
1365 2275 1371 2287 ,

118 2320 122 2329 '
159 2331 215 2389 cta
230 2319 378 2404 ederem,
405 2343 494 2408 quae
511 2320 568 2387 vel
584 2321 766 2410 separatim
782 2345 846 2413 per
862 2294 1091 2392 Aoidemieae
1106 2323 1196 2389 vitae
1215 2343 1282 2414 op-

158 2455 398 2548 portunitates,
425 2457 482 2524 vel
504 2457 625 2526 inserta
640 2429 785 2527 aliorum
799 2458 894 2528 libris
909 2459 1040 2525 minora
1057 2457 1181 2547 scripta
1198 2457 1284 2524 emi-
1396 2505 1399 2513 ,

159 2595 288 2684 sissem,
321 2593 460 2662 tandem
480 2596 738 2684 obsequendum
760 2595 859 2680 duxi,
894 2615 1100 2685 quamquam
1123 2616 1180 2676 me
1209 2593 1283 2661 aliis

160 2755 201 2800 ea
230 2755 268 2800 re
294 2731 444 2817 faciliuS,
486 2757 591 2822 quam
620 2731 707 2802 mihi
738 2735 816 2802 satis
849 2732 1019 2823 facturum
1046 2730 1282 2824 intelligerem.

158 2870 248 2936 Nam
281 2869 342 2938 etsi
376 2877 451 2938 sunt
480 2871 515 2937 in
548 2871 614 2940 illis
644 2872 774 2962 scriptis
799 2894 867 2940 non
889 2893 1018 2961 pauca,
1061 2893 1150 2958 quae
1181 2854 1282 2965 etiam

161 3027 249 3074 nunc
284 3007 414 3097 probo,
466 3015 580 3075 tamen
612 3009 679 3077 alia
710 3033 781 3078 esse
807 3008 927 3094 video,
968 3030 1074 3097 quae,
1115 3007 1143 3073 si
1173 3003 1282 3073 hodie

160 3144 361 3231 scriberem,
394 3144 450 3212 vel
473 3145 630 3235 pleniora
660 3170 766 3215 essem
790 3146 846 3215 vel
877 3113 1110 3212 emendatiora
1134 3142 1281 3235 daturus,

160 3281 232 3350 Sed
255 3290 368 3351 tamen
390 3282 597 3374 interpolare
621 3284 682 3351 illa
706 3306 775 3352 non
805 3282 950 3366 licebat,
983 3302 1045 3366 ne,
1080 3283 1108 3350 si
1132 3280 1191 3369 qui
1220 3301 1282 3348 co-

160 3439 326 3510 gnoscere
351 3421 494 3505 vellent,
521 3445 609 3510 quae
633 3446 654 3490 a
675 3421 843 3490 nonnullis
870 3410 1049 3573 doctoylm
1072 3418 1151 3486 inde
1174 3425 1282 3486 essent
1333 3405 1392 3574 s

39 3609 54 3634 .,
159 3566 437 3642 commemorata,
463 3580 532 3625 non
556 3558 634 3645 illa,
662 3560 723 3629 sed
750 3559 816 3627 alia
840 3557 1034 3626 invenirent.
1084 3554 1203 3643 Itaque
1226 3577 1281 3624 sa-

158 3694 223 3760 tius
248 3695 355 3762 visum
378 3702 428 3762 est
454 3694 542 3762 nihil
564 3684 713 3780 mutare,
748 3693 895 3765 sedhic
921 3694 992 3762 illic
1021 3693 1169 3780 aliquam
1200 3692 1281 3758 bre-

66 3819 67 3822 *
156 3853 234 3898 vem
258 3829 510 3900 adnotationem
536 3832 693 3905 adiicere.
747 3829 855 3901 Omisi
887 3839 999 3898 autem
1021 3827 1281 3899 Observationes

158 3967 288 4036 criticas
311 3969 347 4036 in
371 3968 467 4039 locos
490 3969 657 4059 quosdam
682 3968 844 4058 Aeschyli
869 3979 902 4037 et
925 3966 1115 4057 Euripidis,
1151 3974 1185 4034 et
1210 3965 1281 4034 dis-

42 4192 47 4202 ·
157 4074 370 4174 sertationem
394 4105 439 4174 de
468 4130 531 4176 usn
557 4073 877 4210 antistrophicorum
910 4106 945 4173 in
971 4105 1184 4175 Graecorum
1211 4112 1281 4171 tra-

156 4241 309 4333 goediis,
335 4251 435 4335 atque
457 4245 688 4314 adnotationes
712 4244 841 4315 criticas
857 4244 902 4312 ad
915 4243 1115 4330 Pindamm,
1145 4240 1282 4309 editioni
