2826 4904
460 314 509 379 IN
539 315 727 382 GRAECA
756 317 946 388 Llchl.
1196 324 1261 390 187

140 496 268 582 potest.
326 485 455 559 Audire
475 487 645 577 debebat,
677 490 771 562 cuius
793 492 981 563 auctoritati
1002 493 1186 587 plurimum
1198 495 1261 561 tri-

1131 707 1327 788 ,154

246 829 287 905 τί
306 826 433 923 τοῦθ’,
460 831 483 904 ὃ
497 826 552 932 μή
568 827 653 915 nauis
667 862 708 927 γε
723 833 786 931 τῆς
802 833 889 931 ἐμῆς
902 835 976 917 itti

142 968 204 1038 ubi
225 961 312 1049 νεάς
330 991 400 1038 nou
418 970 526 1062 magis
542 971 708 1064 significat
721 972 757 1039 in
773 970 877 1055 navi,
903 992 1005 1059 quam
1023 969 1059 1044 in
1078 970 1260 1062 superiori-

141 1073 209 1141 bus
224 1073 328 1140 locis:
353 1072 448 1162 quod
469 1073 607 1162 quidem
627 1073 800 1144 Brunckio
816 1073 891 1140 fieri
904 1073 1052 1163 potuisse
1066 1073 1260 1156 videbatu13

142 1175 205 1244 sed
222 1176 332 1243 statim
351 1176 410 1242 ille
424 1177 541 1263 aliam,
567 1201 709 1268 eamque
726 1177 834 1245 multo
848 1176 957 1267 magis
970 1177 1184 1267 probabilem
1204 1179 1260 1245 in·
1360 1188 1368 1203 ‘

142 1280 416 1368 terpretationem
440 1276 580 1366 adiecit,
626 1304 646 1350 e
673 1279 955 1371 praecedentibus
985 1280 1095 1346 verbis
1132 1284 1259 1375 λαβεῖν

142 1391 317 1472 repetens,
344 1392 379 1449 ct
392 1376 477 1464 νεάς
488 1383 551 1481 τῆς
565 1384 650 1482 ἐμῆς
665 1405 711 1453 ex
729 1405 812 1456 meo
832 1382 917 1452 novi
933 1382 1134 1477 intelligens.
1185 1383 1259 1451 De-

138 1484 242 1577 nique
265 1507 297 1553 v.
324 1480 411 1553 205.
438 1544 448 1565 ,

243 1599 394 1699 βάλλει,
419 1598 546 1699 βάλλει
565 1601 611 1698 μ’
636 1599 752 1703 ἐτίμα
775 1600 925 1705 φθογγά
948 1632 1029 1694 τον,

244 1707 373 1802 στίβου
396 1703 480 1781 κατ’
499 1704 659 1804 α’νάνκαν

244 1814 436 1906 ἕρπρντος,

141 1929 202 1998 ubi
221 1928 426 2000 Schaeferus
449 1938 508 2000 aut
529 1926 657 2026 στίβον
679 1951 757 2002 cum
779 1930 962 2017 Triclinia,
998 1935 1056 1998 aut
1073 1924 1185 2023 στίβῳ
1204 1925 1259 1996 le·

140 2033 294 2124 gendum
306 2042 412 2124 putat.
464 2036 511 2104 Aa
529 2058 609 2102 sana
623 2045 698 2104 sunt
713 2037 845 2125 omnia,
872 2032 1147 2125 quandoquidem
1163 2030 1258 2121 iungi

141 2136 269 2204 debent
281 2137 386 2223 haec,
412 2133 497 2209 κατ’
513 2133 674 2231 άνάγναν
689 2139 818 2231 στίβου
825 2193 839 2227 ,
866 2161 954 2226 quae
967 2138 1015 2206 sic
1036 2156 1173 2224 quoque
1190 2133 1259 2200 dici

141 2248 318 2331 poterant,
343 2231 433 2332 πρός
447 2236 533 2329 βίαν
550 2234 670 2319 ποδός.
720 2241 767 2307 Vt
779 2241 896 2329 paucis
911 2240 1130 2327 complectar,
1156 2235 1260 2302 verba

138 2343 265 2410 suntin
282 2340 337 2407 his
351 2340 435 2407 locis
450 2339 603 2407 omnibus
618 2348 749 2409 motum
762 2341 961 2426 indicantia,
985 2363 1073 2429 quae
1088 2337 1147 2432 ubi
1160 2337 1259 2429 geni-

140 2448 214 2514 tivo
231 2445 432 2535 iunguntur,
459 2452 516 2509 aut
537 2452 667 2510 motum
688 2466 730 2513 ex
745 2445 858 2533 aliquo
870 2445 951 2513 loco
973 2443 1171 2534 significant,
1197 2462 1261 2508 cu-

138 2544 190 2615 ius
219 2546 468 2638 significationis
496 2567 648 2616 caussam
681 2569 784 2637 supra
813 2548 1022 2640 aperuimus,
1062 2553 1120 2613 aut
1144 2545 1260 2613 locum
1325 2551 1328 2559 ’

141 2660 275 2735 nomnt,
301 2671 370 2739 quo
386 2648 532 2737 aliquid,
559 2658 732 2740 tamquam
745 2649 789 2718 ad
800 2660 925 2718 metam
939 2650 1105 2739 aliquam,
1131 2645 1258 2732 tendat,

143 2753 188 2837 dc
207 2776 329 2842 quare
350 2775 430 2820 mox
450 2752 610 2826 dicemus.
662 2753 876 2822 Mansionem
896 2754 946 2821 rei
970 2754 1006 2820 in
1023 2751 1143 2840 ,aliquo
1166 2750 1258 2834 loco,

141 2879 201 2924 seu
223 2856 331 2925 verius
349 2856 385 2922 in
405 2855 474 2924 eius
494 2856 606 2945 aliqua
621 2865 737 2948 parte,
763 2857 930 2951 genitivus
943 2878 1012 2924 non
1032 2861 1144 2947 potest
1161 2854 1260 2921 aliter

140 2959 319 3044 denotare,
345 2982 448 3048 quam
464 2960 573 3028 verbis
591 2970 648 3029 aut
661 2969 773 3029 motus
791 2961 1039 3054 significatione
1058 2958 1258 3042 carentibus,

140 3072 198 3130 aut
219 3074 348 3131 motum
366 3063 589 3131 indicantibus
617 3087 659 3133 ex
679 3065 793 3154 aliquo
820 3066 901 3134 loco
928 3087 998 3132 non
1026 3061 1258 3154 egredientem

138 3166 278 3234 iunctus.
340 3166 399 3234 Sic
426 3166 596 3234 Homerus
622 3168 736 3236 dicere
761 3169 942 3261 potuisset,
980 3165 1005 3261 ἢ
1036 3161 1101 3236 οὖν
1125 3159 1257 3254 ἐφοίτα

133 3266 295 3363 Ἄργεος.
346 3271 401 3337 Ab
426 3266 621 3336 huiusmodi
646 3270 750 3362 igitur
769 3271 921 3337 formulis
948 3266 1101 3334 omnibus
1124 3261 1258 3352 ellipsin

137 3371 380 3440 removendam
409 3370 605 3440 iudicamus.
661 3373 751 3439 Nam
782 3371 809 3438 si
838 3368 922 3458 quid
948 3367 1018 3437 loci
1039 3365 1176 3434 alicuius
1202 3365 1258 3433 vel

136 3475 301 3565 temporis
316 3498 388 3542 esse
403 3472 541 3561 dicitur,
566 3472 603 3541 id
624 3497 689 3565 per
709 3496 745 3541 se
767 3475 907 3566 planum
929 3481 978 3540 est
994 3470 1042 3539 sic
1056 3469 1146 3558 dici,
1172 3467 1258 3537 utin

128 3579 254 3667 aliquo
273 3579 353 3646 loco
372 3602 459 3664 esse,
486 3588 520 3647 et
538 3578 613 3646 fieri
627 3588 783 3668 tempore
805 3578 918 3666 aliquo
938 3575 1152 3666 intelligatur.
1203 3571 1259 3638 Ex

136 3679 193 3748 his
217 3692 490 3771 unumquemque
513 3682 662 3769 reliqua,
693 3706 780 3771 quae
802 3681 848 3750 ad
868 3680 939 3751 hoc
951 3701 1058 3775 genus
1076 3674 1258 3769 pertinent,

137 3793 261 3876 sponte
282 3785 542 3854 diiudicaturum
556 3808 737 3876 speramus.

242 3888 364 3957 Redeo
381 3890 417 3955 in
430 3890 528 3957 viam.
582 3889 707 3956 Graeci
731 3910 836 3976 quum
865 3885 1015 3980 genitivo
1036 3884 1085 3953 sic
1110 3886 1255 3963 utantur,

136 3995 176 4058 ut
198 3990 366 4079 quidquid
388 4013 604 4081 quocumque
630 3991 736 4060 modo
764 3991 902 4059 alicuius
928 3989 978 4056 rci
1006 3987 1063 4070 sit,
1105 4005 1147 4051 eo
1174 3989 1326 4055 casulbb

137 4093 351 4186 significent,
377 4096 567 4183 saepissime
583 4115 662 4163 cum
682 4095 792 4163 verbis
813 4093 934 4162 dicere
952 4097 987 4158 et
1006 4088 1135 4156 audire
1152 4084 1257 4176 signi·
1297 4166 1298 4169 Ἴ

136 4197 317 4266 ficantibus
341 4198 526 4288 genitivum
552 4199 757 4290 coniungunt
781 4183 851 4264 eius
864 4195 930 4279 rei,
956 4192 1002 4260 dc
1016 4215 1084 4281 qua
1104 4189 1188 4279 quid
1202 4189 1258 4256 di-

140 4309 240 4370 catur
266 4301 325 4370 vel
349 4301 512 4372 audiatur.
570 4303 738 4392 Exempla
764 4301 800 4367 in
821 4298 915 4368 Bosii
938 4296 1027 4364 libro
1056 4295 1159 4363 allata
1182 4300 1258 4362 sunt
