2826 4904
171 315 234 379 184
535 312 929 376 OBSERVATIONES

168 481 337 555 trochaeis
360 484 472 556 Attica
496 486 614 580 lingua
631 487 750 569 utitur,
774 483 835 553 sed
859 507 900 552 ea
917 492 951 553 et
964 484 1068 552 veteri
1084 491 1118 552 11
1131 483 1283 555 admixtis

168 587 368 675 quibusdam
390 587 523 658 Doricis
544 599 645 679 atque
669 588 772 681 epicis
793 587 927 667 lormis3
959 587 994 655 in
1012 587 1140 656 melicis
1168 597 1281 657 autem

169 691 370 760 carminibus
387 713 600 761 communem
612 693 794 781 lyricorum
812 691 998 758 orationem
1020 699 1184 776 sectatur,
1211 690 1283 759 Do-

169 793 270 860 rismo
284 801 404 889 ⁸tamen
422 797 532 887 magis
560 804 766 885 temperato,
799 793 978 882 multisque
999 792 1140 862 exclusis
1164 795 1282 884 epico-

169 917 245 962 rum
256 896 412 978 licentiis3
437 898 582 987 denique
605 897 753 966 mediam
767 894 951 985 quamdam
964 896 1049 963 inter
1064 895 1163 964 chori
1182 906 1217 965 et
1230 896 1281 964 di-

168 998 360 1067 verbiorum
400 998 563 1072 dialectos
600 1001 764 1069 rationem
795 1007 933 1093 usurpat
964 999 999 1065 in
1030 1020 1156 1090 magna
1187 1009 1281 1092 parte

169 1111 435 1194 anapaestomm.

273 1204 481 1291 Comoedia,
512 1211 550 1272 nt
570 1213 827 1276 consentaneum
848 1210 936 1287 erat,
973 1223 1192 1272 communem.
1218 1225 1281 1294 po-

167 1308 243 1399 puli
263 1330 452 1377 sermonem
467 1308 674 1392 imitabatur,
701 1307 795 1399 apud
818 1306 952 1375 Siculos
964 1304 1145 1390 Doricum,
1173 1307 1282 1376 Athe-

168 1410 218 1477 nis
243 1410 404 1484 Attiomn.
464 1412 578 1499 Atque
608 1411 740 1479 Atticus
756 1445 759 1453 ,
774 1409 911 1500 quidem
937 1409 1145 1478 comicorum
1173 1431 1280 1477 sermo

169 1523 330 1601 quantum
345 1514 508 1605 stragica
524 1514 633 1598 distet,
658 1523 775 1581 notum
791 1521 856 1580 est:
881 1510 942 1578 sed
955 1511 1027 1601 ipse
1042 1533 1183 1600 quoque
1197 1521 1281 1580 tem-

167 1637 291 1705 porum
303 1637 456 1686 successu
472 1616 678 1706 aliquantum
692 1616 859 1683 immutari
874 1616 1006 1704 coepit,
1032 1623 1069 1682 nt
1084 1637 1153 1681 non
1168 1616 1281 1706 perin-

31 1784 36 1807 ,
168 1717 289 1806 desit,
320 1727 431 1787 utrum
450 1718 714 1809 Aristophanem
732 1742 775 1785 an
792 1716 1017 1785 Menandrum
1038 1726 1214 1785 auctorem
1230 1742 1281 1787 se·

137 1837 289 1908 square,
320 1820 458 1911 quando
484 1845 528 1889 ne
556 1822 590 1889 in
616 1822 720 1912 ipsius
745 1820 882 1911 quidem
903 1818 1141 1912 Aristophanis
1162 1820 1281 1890 fabulis

168 1922 290 1990 eadem
314 1932 364 1990 est
384 1923 536 1994 dictionis
555 1924 652 1998 ratio.
704 1923 886 1994 Caetemm
910 1923 1010 1990 1111111
1026 1922 1119 2013 apud
1135 1925 1281 1995 comicos

168 2024 266 2095 chori
284 2026 430 2096 carmina
445 2027 542 2096 certis
561 2027 807 2096 conditionibus
824 2026 1016 2094 Dorismum
1036 2025 1227 2094 admittunt

266 2128 351 2199 Post
370 2129 431 2197 illa
445 2137 617 2221 tempora,
642 2130 763 2219 quibus
779 2128 874 2219 apud
888 2128 1107 2198 Athenienses
1123 2129 1280 2199 floruerat

164 2229 295 2322 poesis,
321 2253 425 2322 quum
438 2232 499 2300 illa
519 2254 661 2323 genera,
688 2254 831 2320 quorum
846 2233 914 2299 iam
927 2233 1081 2323 exempla
1097 2234 1278 2318 exstabant,

166 2333 381 2420 colebantur,
419 2343 492 2404 tum
511 2336 578 2403 alia
598 2333 768 2424 quaedam
798 2356 887 2404 nora
911 2343 985 2401 sunt
1004 2336 1156 2420 inventa,
1195 2359 1279 2425 quae

164 2438 310 2505 maxime
333 2459 375 2506 cx
389 2438 488 2530 epioo
514 2447 549 2506 11
562 2439 689 2508 Dorico
706 2461 832 2530 genere
847 2437 1032 2528 composita
1046 2446 1130 2505 suut
1184 2439 1280 2508 Haec

164 2560 301 2628 quoque
323 2541 524 2632 temperatio
546 2542 642 2633 leges
663 2565 737 2609 suas
761 2541 912 2629 finesque
938 2539 1059 2626 habet,
1093 2538 1138 2609 de
1160 2543 1278 2630 quibus

163 2664 291 2733 operae
307 2643 454 2734 pretium
470 2643 562 2711 foret
583 2666 747 2733 quaerere
765 2642 935 2712 curiosius.
1292 2662 1302 2687 ·

266 2744 364 2829 Quae
378 2766 482 2832 quum
497 2745 544 2813 ita
567 2747 647 2831 sint,
670 2746 772 2815 facilc
785 2745 992 2836 intelligitur,
1017 2744 1191 2836 poeticam
1208 2746 1278 2813 dia-
1332 2796 1335 2804 .

162 2846 307 2931 lectum,
332 2868 435 2935 quam
458 2847 596 2936 quidam
615 2849 797 2917 commenti
819 2857 912 2935 sunt,
938 2857 996 2915 aut
1017 2848 1155 2916 omnino
1171 2870 1191 2917 e
1206 2848 1277 2917 dia-

164 2949 330 3017 lectorum
354 2972 494 3018 numero
515 2951 703 3018 tollendam
725 2974 814 3036 esse,
839 2961 915 3034 aut,
941 2953 968 3018 si
985 2950 1148 3020 servanda
1167 2961 1219 3019 est
1240 2975 1277 3018 ea

164 3052 370 3142 appellatio,
403 3051 449 3119 ad
470 3053 529 3121 illa
550 3063 677 3123 tantum
696 3054 852 3145 restringi
874 3053 1021 3140 debere,
1047 3077 1136 3142 quae
1155 3062 1277 3144 poetae

164 3177 280 3223 omnes
294 3156 484 3224 communia
497 3154 634 3224 habent.
686 3157 785 3226 Haec
798 3178 880 3225 vero
905 3177 1079 3247 perpauca
1096 3166 1180 3224 sunt.
1206 3157 1277 3225 Nec

162 3266 276 3326 tamen
292 3259 408 3327 inutile
426 3258 538 3344 foret,
573 3282 613 3327 ea
637 3261 749 3329 omnia
766 3260 949 3352 colligere,
975 3282 1044 3350 quo
1062 3259 1184 3328 clarius
1198 3281 1277 3350 per-

163 3360 249 3450 spici
263 3370 396 3451 posset,
422 3363 542 3451 quibus
554 3364 655 3431 rebus
669 3365 822 3454 poeticus
843 3384 953 3431 sermo
977 3387 997 3430 a
1011 3384 1114 3454 prosa
1128 3363 1278 3429 oratione

163 3461 311 3530 diversus
326 3464 436 3532 fuerit
485 3467 653 3557 Apertum
669 3475 720 3535 est
739 3466 845 3550 enim,
870 3465 977 3552 haec,
1003 3489 1090 3555 quae
1102 3475 1229 3556 poetae
1243 3465 1275 3532 in

163 3566 257 3633 omni
276 3588 403 3658 genere
426 3567 612 3654 scribendi,
649 3569 774 3637 caeteri
795 3576 909 3636 autem
929 3570 1107 3661 scriptores
1127 3569 1162 3635 in
1183 3568 1275 3635 nullo

161 3679 341 3758 usurpant,
371 3669 563 3761 primariam
594 3672 765 3740 continere
794 3671 963 3760 utriusque
990 3670 1151 3740 sermonis
1175 3670 1276 3738 diffe-

162 3773 315 3840 1111111111.

263 3873 434 3966 Descripsi
465 3873 554 3946 haec
587 3875 703 3968 primis
727 3883 854 3944 tantum
878 3875 983 3945 lineis.
1035 3876 1125 3945 Nam
1145 3875 1277 3968 singula

160 3979 320 4075 persequi
338 4000 403 4047 neo
419 3999 578 4067 possum,
604 4002 687 4058 nec,
712 3980 740 4046 si
757 4001 910 4070 possem,
937 4001 1026 4048 nunc
1045 3978 1275 4068 quidemrel-

38 4084 40 4091 '
160 4082 241 4148 lem.
290 4079 385 4147 lllud
396 4081 536 4170 planum
551 4091 619 4167 est,
643 4080 706 4149 has
721 4081 901 4168 1111111111,
926 4106 1009 4172 quas
1024 4103 1093 4150 non
1106 4081 1274 4152 immerito

161 4182 312 4272 poeticas
327 4183 572 4275 appellareris,
599 4194 634 4252 et
654 4183 752 4252 latius
768 4192 886 4276 patere
908 4185 989 4271 iuis,
1015 4180 1103 4274 qua'e
1123 4185 1159 4253 in
1175 4208 1276 4279 prosa

162 4287 313 4355 oratione
335 4288 563 4374 inveniuntur,
596 4296 631 4357 et
650 4288 766 4380 plures
792 4287 920 4359 habere
944 4287 1173 4362 difficultates.
1225 4290 1275 4359 Ac
