2826 4904
271 285 460 360 Pnosun
487 297 545 360 nr
572 296 811 361 ronrrcnn
833 298 1107 364 onnrronrs.
1193 306 1256 368 111

138 473 230 540 enim
259 469 529 642 ffiitdoedipus’
569 480 704 539 utrem
731 473 878 564 explicet
910 484 1013 565 atque
1043 474 1260 547 demonstret.

140 576 276 644 Aliter'
307 599 329 642 n
360 598 369 642 ε

242 711 295 807 ἄμ
312 706 447 807 φόνον,
475 708 520 782 cia
537 709 677 793 νέκυας,
705 706 767 785 διά
782 709 813 785 τ’
829 714 934 787 ἔντεα
949 715 1008 786 καὶ
1021 714 1137 808 μέλαν
1152 714 1257 809 αἷμα.

138 854 218 921 Non
236 851 334 918 estin
357 848 429 916 hoc
444 870 541 916 versu
553 848 692 937 aliquod
716 849 942 939 persuadendi
958 851 1103 919 studium
1119 870 1307 943 expres-30

138 979 232 1040 sum,
265 953 326 1020 sed
354 953 481 1019 animus
512 961 654 1042 poetae,
688 975 827 1044 pugnae
852 955 1135 1045 contemplatione
1156 958 1251 1025 abre-

137 1058 238 1151 ptus,
271 1057 422 1125 cumulat
449 1077 506 1138 ea,
532 1078 620 1142 quae
645 1079 776 1122 sensum
801 1057 945 1123 maxime
970 1067 1127 1148 tangant,
1153 1070 1186 1126 et
1216 1082 1257 1126 ex

138 1161 262 1252 quibus
283 1160 362 1243 illa,
396 1180 484 1247 quae
511 1159 646 1242 reticet,
686 1160 908 1228 coniectando
934 1162 1133 1250 praecipere
1162 1186 1256 1230 mens

138 1274 252 1355 queat.
304 1262 435 1355 Clarius
448 1261 546 1327 etiam
564 1261 733 1329 diversitas
746 1285 869 1353 prosae
885 1264 1040 1331 orationis
1058 1275 1090 1331 et
1104 1287 1258 1355 poeseos,

138 1391 228 1458 quae
251 1368 357 1434 estin
384 1364 520 1455 figuris,
552 1367 702 1456 perspici
727 1389 770 1434 ex
800 1389 841 1433 eo
860 1378 990 1457 potest,
1016 1368 1110 1457 quod
1125 1370 1258 1460 figurae
1280 1352 1285 1363 ¹

137 1469 308 1562 quaedam
335 1470 371 1536 in
399 1467 513 1559 poesi,
563 1492 583 1535 a
617 1491 684 1557 qua
712 1469 937 1560 persuadendi
968 1471 1115 1539 studium
1152 1473 1258 1557 abest,

139 1575 240 1642 aliam
263 1583 364 1661 atque
387 1572 422 1638 in
447 1593 551 1661 prosa
578 1573 728 1640 oratione
757 1573 1040 1642 constmctionem
1070 1574 1258 1642 admittunt.

138 1679 187 1748 vt
204 1676 470 1771 synathroesmos
488 1677 523 1742 in
544 1697 646 1765 prosa
662 1664 812 1744 oratione
828 1678 1098 1765 aequabilitatem
1113 1686 1257 1745 structu-

138 1804 198 1848 rae
219 1781 339 1870 exigit,
366 1801 435 1867 quo
461 1779 581 1846 clarius
599 1788 716 1872 pateat
737 1779 965 1869 persuadendi
987 1780 1169 1873 cupiditas:
1195 1802 1257 1851 cu-

137 1883 285 1952 iusmodi
305 1891 353 1950 est
374 1880 461 1948 illud
481 1881 587 1949 modo
611 1893 924 1970 commemoratum,

116 2106 125 2115 ⁵
242 2012 442 2113 στεναγμός
448 2075 462 2108 ,
490 2017 576 2118 ἄνη,
602 2017 785 2102 θάνατος,
812 2014 968 2120 αἰσχύνη.

134 2160 177 2228 ln
199 2158 297 2249 poesi
316 2179 397 2223 vero
418 2177 487 2222 non
509 2157 619 2223 solum
632 2154 722 2226 haec
740 2158 869 2241 forma,
896 2179 1015 2245 expers
1035 2158 1095 2224 illa
1119 2157 1257 2246 quidem

133 2257 366 2355 persuadendi
382 2266 522 2339 conatu,
552 2269 749 2345 usurpatur,
775 2267 813 2323 ut
835 2259 871 2323 in
888 2256 977 2342 hoc,

697 2385 823 2478 λα’ζετο
847 2388 885 2467 d'
906 2393 1026 2487 ἔγχος,
1061 2476 1072 2493 Ι,

241 2488 375 2594 epact,
401 2494 515 2588 μέγα,
540 2489 732 2591 στιβαρόν,

137 2635 317 2705 sedetiam
341 2632 428 2698 aliae
447 2630 621 2698 liberiores
639 2639 673 2698 et
694 2641 813 2722 aperte
832 2633 878 2700 ad
899 2633 1000 2701 animi
1023 2633 1135 2702 lusum
1155 2622 1256 2722 atque

140 2737 403 2809 oblectationem
423 2734 723 2806 accommodatae:

241 2883 529 2986 ἑαατογνοῖρηνον
545 2881 635 2987 προς
649 2888 736 2983 βίαν
759 2887 996 2991 χειρούμενον

246 2994 402 3091 Topeiros
425 2993 578 3090 θοῦρον.

137 3153 237 3220 Haec
264 3146 507 3238 synathroesmi
536 3147 647 3214 forma
673 3170 784 3236 neque
809 3171 888 3216 cum
917 3173 958 3216 ea
986 3149 1117 3240 figura,
1151 3172 1255 3236 quam

137 3255 354 3346 partitionem
375 3250 618 3340 appellavimus
639 3252 824 3340 permutari
845 3260 973 3341 potest,
1000 3253 1081 3338 quia
1098 3249 1186 3321 haec
1207 3252 1254 3319 rei

139 3358 400 3448 descriptionem
413 3353 564 3443 partibus
575 3353 671 3422 factis
689 3352 861 3438 exhaurit,
886 3363 923 3421 ut
941 3353 975 3420 in
995 3351 1081 3423 hoc:

242 3515 277 3587 εἰ
291 3507 326 3585 δ’
341 3507 406 3585 οὖν
419 3538 474 3591 τις
490 3507 589 3587 <iuste
604 3505 707 3603 ἡλίου
727 3536 784 3584 νιν
798 3513 939 3608 ἱστορεῖ

240 3608 378 3712 χλωρόν
395 3642 437 3688 τε
454 3613 513 3686 ναὶ
526 3613 722 3703 βλέποντα,

136 3768 234 3859 qnod
256 3792 325 3837 non
346 3770 448 3837 estin
470 3768 558 3856 hoc,
586 3759 874 3865 ἑκατογαᾶρηνόν
892 3795 935 3840 aa
950 3765 1009 3840 καὶ
1022 3764 1181 3864 θοῦρον,
1207 3764 1254 3832 ila

136 3883 197 3958 ut,
233 3875 292 3960 qui
318 3873 365 3941 sic
385 3873 528 3957 diceret,
564 3872 680 3961 inepte
710 3871 852 3952 diceret3
884 3894 995 3960 neque
1025 3893 1092 3937 una
1122 3868 1254 3936 adiecta

83 4062 85 4067 Ι
137 3978 264 4066 copula
278 3977 325 4045 sic
340 3985 454 4067 potest
468 3974 690 4059 conformari,
717 3968 1004 4070 ἑκατογκαρηνον
1018 3966 1251 4066 ααὶιθοῦρον,

136 4082 218 4170 quia
237 4080 326 4149 haec
356 4079 466 4146 forma
489 4099 558 4145 non
579 4077 685 4146 modo
706 4079 820 4168 figura
841 4078 898 4143 est
925 4076 1036 4159 nulla,
1070 4074 1131 4141 sed
1152 4074 1253 4141 etiam

136 4185 202 4252 soli
238 4182 425 4276 cognitioni
471 4183 624 4266 inservit,
671 4181 709 4248 id
748 4179 844 4270 quod
892 4178 952 4248 hic
985 4179 1101 4245 abesse
1138 4177 1252 4246 debet

135 4287 244 4372 Quod
271 4289 299 4357 si
324 4288 425 4357 etiam
456 4286 583 4378 copula
613 4286 768 4369 iteratur,
808 4282 976 4351 contrario
1007 4281 1113 4351 modo
1142 4305 1251 4351 seres
