2826 4904
459 253 853 351 csusurssvs.
1166 293 1210 356 ω

93 464 162 532 den
180 463 325 552 vocant)
345 461 432 528 iuter
450 460 556 549 lyrica
576 461 724 528 carmina
744 460 851 551 vulgo
870 469 1099 546 numerantur,
1124 486 1209 554 pro-
1281 498 1284 502 ’

91 576 209 659 pterea
217 566 312 656 qnod
324 565 463 654 lyricam
475 564 595 652 poesin
606 563 711 630 tribus
723 564 874 652 partibus
887 564 1025 646 absolvi,
1035 565 1118 650 odis,
1127 589 1209 634 can-

90 671 257 756 tionibuS,
279 677 314 736 et
331 667 449 757 elegiis
468 665 573 756 vulgo
596 665 813 749 existimatur,
839 689 908 754 quo
927 667 1209 759 nihiiperversius

92 773 236 864 cogitari
246 774 367 862 potest.
418 771 541 836 Nostra
551 768 688 856 quidem
701 770 730 836 si
740 792 821 836 vera
833 779 883 837 est
902 773 1080 854 sententia,
1107 771 1210 840 dubi·

91 875 301 964 tarinequit,
320 872 400 961 quin
420 873 482 938 ista
502 872 649 940 earmina
671 872 715 938 ad
735 872 868 962 epicum
875 895 1016 963 genus,
1041 874 1076 941 in
1100 897 1209 963 eoque

92 980 139 1048 ad
158 978 360 1070 diegetieam
372 975 489 1066 poesin
505 975 701 1063 pertineant
720 1030 725 1036 .
754 975 879 1043 Contra
896 975 1044 1044 fabellae
1062 978 1210 1068 Aesopi·

93 1105 155 1151 cae
168 1074 202 1149 et
213 1082 364 1147 universa
377 1079 675 1168 epigrammatum,
701 1100 788 1165 quae
815 1100 904 1146 nunc
921 1088 1098 1164 vocantur,
1123 1081 1210 1149 ratio

92 1186 219 1275 lyricae
237 1204 360 1275 poesos
378 1191 489 1271 partes
515 1188 606 1262 sunt,
645 1179 773 1271 quippe
797 1181 926 1247 nullam
946 1205 1020 1249 rem
1038 1184 1140 1273 ipsius
1159 1185 1211 1252 rei

93 1310 228 1369 caussa,
255 1285 315 1353 sed
336 1293 373 1351 ut
384 1284 500 1371 aliquo
518 1282 700 1365 referatur,
725 1293 962 1373 exponentes„
988 1284 1087 1368 Quae
1098 1294 1212 1354 autem

92 1390 237 1473 Graeci,
271 1389 426 1457 aculeum
449 1407 517 1452 non
538 1386 754 1473 requirentes
774 1386 1018 1478 epigrammata
1030 1390 1211 1475 nominant,

36 1522 44 1532 „
94 1494 200 1584 lyrica
216 1492 343 1583 pariter
362 1498 462 1577 atque
476 1487 670 1578 epicasunt
708 1489 845 1556 Eodem
856 1488 962 1557 modo
975 1512 1027 1575 ea,
1049 1514 1137 1579 quae
1158 1493 1211 1559 al-

92 1597 245 1687 legorica
267 1594 414 1663 carmina
435 1590 667 1682 appellantur,
690 1591 761 1659 hoc
785 1593 878 1683 ipso,
905 1592 1000 1680 quod
1025 1594 1212 1686 allegorica

94 1708 184 1782 sunt,
216 1713 379 1785 nusquam
397 1701 536 1786 possunt
556 1692 691 1779 referri,
718 1695 779 1763 sed
800 1696 828 1761 si
846 1718 919 1761 rem
936 1705 1083 1784 spectes,
1109 1719 1212 1785 quam

93 1801 293 1892 imaginibus
310 1799 494 1866 involutam
514 1797 701 1880 continent,
728 1806 785 1863 aut
799 1797 907 1886 lyrico
919 1798 1036 1888 generi
1048 1796 1221 1868 adnume-:

93 1905 160 1971 rari
173 1904 309 1987 debent,
334 1909 393 1969 aut
405 1900 523 1989 epieae
543 1921 687 1989 poeseos
699 1900 861 1989 partibus,
883 1900 1119 1992 diagraphico,
1137 1903 1212 1972 die-

94 2007 227 2098 getico,
260 2014 294 2072 et
313 2004 492 2088 didactico,
514 2025 534 2070 e
561 2024 630 2092 quo
648 2003 727 2070 llias
745 2013 847 2092 atque
866 2001 1019 2093 Odyssea
1031 2016 1158 2092 esseut,
1183 2008 1211 2076 si

93 2107 318 2199 quorumdam
331 2107 627 2200 grammaticorum
639 2107 768 2175 somnia
780 2129 1005 2196 sequeremur.

626 2307 687 2376 IV.

138 2457 319 2518 Divisiones
335 2473 469 2538 poeseos
485 2476 505 2516 e
514 2455 643 2535 sermo,
664 2475 704 2516 oo
718 2456 858 2536 primum
877 2477 897 2520 e
909 2458 1021 2538 forme
1034 2457 1175 2520 moraldi

537 2563 570 2618 et
591 2556 780 2618 immutabili.

170 2715 396 2802 Posteaquam
413 2714 457 2783 de
469 2716 609 2783 materia
620 2737 763 2806 poeseos
777 2715 979 2806 explicatum
991 2724 1056 2799 est,
1082 2714 1214 2785 formae

95 2818 199 2903 ratio,
224 2827 369 2908 propter
387 2840 489 2904 quam
508 2819 607 2886 series
627 2819 740 2907 aliqua
761 2819 1008 2910 cogitationum
1025 2820 1060 2885 in
1071 2819 1213 2909 pulcrae
1282 2906 1290 2915 χ

96 2922 173 2989 artis
197 2922 357 3011 operibus
382 2931 591 3006 numeretur,
629 2931 679 2988 est
697 2923 936 3013 investiganda.
989 2922 1088 3005 Quae
1108 2945 1213 3010 quum
1302 2985 1314 3003 ,

95 3025 193 3091 unice
206 3025 241 3090 in
260 3023 484 3114 pulcritudine
503 3025 612 3115 posita
635 3025 692 3109 sit,
724 3048 765 3091 ex
778 3047 837 3108 eo,
863 3025 958 3114 quod
977 3025 1135 3114 pulcrum
1157 3026 1228 3092 ‹li-s

96 3135 207 3210 catur,
233 3126 378 3214 reliquas
396 3136 513 3217 petere
533 3128 704 3217 oportebit
722 3149 865 3216 poeseos
893 3128 1109 3196 diversitates
1159 3128 1214 3195 Ac

95 3229 327 3320 pulcritudinis
347 3231 515 3298 vocabulo
535 3253 603 3296 non
615 3229 653 3296 id
672 3230 800 3315 solum,
826 3230 920 3317 quod
939 3229 1133 3296 sublimitati
1147 3251 1215 3318 op-

96 3332 249 3423 ponitur,
275 3332 336 3399 sed
354 3332 449 3419 quod
467 3332 549 3401 huic
561 3332 692 3419 utrique
704 3323 755 3425 rei
766 3354 946 3401 commune
962 3341 1026 3416 est,
1052 3331 1213 3423 intelligi-

97 3457 187 3518 mus,
219 3435 314 3502 illam
339 3435 479 3503 alteram
497 3434 729 3524 pulcritudinis
754 3443 887 3524 partem
909 3434 1124 3503 formositatis
1148 3457 1214 3502 no-

97 3537 186 3604 mine
201 3538 421 3628 appellantes.
464 3537 596 3622 Quodsi
609 3560 666 3622 ea,
692 3559 780 3626 quae
794 3537 933 3606 Kantius
946 3537 992 3606 de
1006 3538 1214 3606 formositate

98 3649 133 3707 et
145 3641 346 3708 sublimitate
371 3641 571 3731 disputavit,
598 3640 778 3731 diligenter
799 3642 884 3708 inter
905 3664 946 3708 ea
967 3653 1213 3732 comparamus,

97 3740 168 3810 hoe
186 3744 282 3810 nobis
302 3744 455 3813 videmur
474 3743 654 3834 colligere,
681 3744 837 3811 sublimia
855 3744 981 3834 pariter
1004 3766 1046 3812 ae
1065 3743 1214 3810 formosa

96 3845 144 3912 ita
153 3868 225 3914 esse
235 3857 444 3936 comparata,
456 3847 505 3931 ut,
523 3854 695 3934 tamquam
707 3845 867 3915 adfinem
878 3848 1026 3935 aliquem
1035 3844 1215 3913 referenda

97 3949 172 4033 siut,
194 3951 267 4034 etsi,
281 3970 350 4038 quo
363 3951 559 4034 referantur,
581 3948 665 4015 nihil
677 3958 734 4032 est,
755 3958 836 4039 apto
849 3949 998 4037 quodam
1009 3949 1083 4014 lusu
1095 3949 1214 4016 mentis

96 4052 182 4140 vires
196 4060 380 4121 exerceant.
407 4053 506 4136 Quae
516 4062 647 4144 postea,
659 4043 719 4119 ribi
731 4051 776 4119 de
788 4052 996 4119 formositate
1007 4073 1048 4118 ac
1061 4051 1214 4144 sublimi-

97 4162 165 4222 tate
178 4155 361 4226 dieeudum
373 4156 446 4238 erit,
459 4156 593 4246 lougius
603 4153 947 4246 eruntpersequenda.
972 4155 1070 4222 Nune
1076 4154 1215 4243 quidem

96 4257 307 4345 illamrerum
319 4256 517 4332 conditionis
529 4256 574 4328 ad
586 4258 689 4328 fiuem
700 4258 860 4348 aliquem,
868 4257 927 4347 qui
937 4280 1016 4328 vere
1023 4257 1214 4330 nullusfiuis

1201 4524 1332 4624 B
