2826 4904
490 284 882 350 ceunomo.
1210 295 1252 356 41

135 459 226 551 quit,
250 458 279 526 ri
297 480 368 527 non
390 459 561 529 convenit:
586 470 690 552 caput
704 460 967 552 enirnmaguum
980 468 1040 528 est
1082 459 1134 529 lta
1150 463 1252 530 etiam

138 565 330 654 Augustus,
355 572 397 630 ut·
410 587 432 630 a
446 563 627 643 Macrobio
643 564 804 631 traditum
816 573 881 646 est,
906 576 1012 652 quum
1032 563 1252 649 Herennium,

135 666 232 758 pravi
259 665 407 757 exempli
430 665 603 751 invenem,
637 667 749 737 castris
782 665 947 734 excedere
967 666 1127 751 iussisset,
1160 668 1254 756 isque

136 771 376 860 iuterrogaret,
398 769 481 857 quid
503 772 594 859 patri
611 793 672 837 suo
691 769 836 852 diceret,
863 768 937 852 dic,
961 769 1088 858 inquit,
1113 792 1170 838 me
1190 771 1254 838 tibi

136 871 355 962 displicuisse.
397 871 452 939 Ex
474 871 528 939 his
548 881 708 963 apparet,
732 892 776 939 ue
797 871 991 964 sublimitati
1013 872 1152 960 quidem
1171 874 1255 941 ridi-

136 976 217 1045 cula
229 996 440 1065 repugnare,
466 998 576 1065 eoque
590 985 626 1044 et
645 977 680 1045 iu
696 975 882 1065 epopoeia,
908 982 945 1041 et
955 975 1177 1067 intngoedia
1192 977 1256 1045 ad·

240 1181 356 1264 Quum
370 1179 532 1267 ridicula,
558 1191 597 1250 nt
611 1203 653 1250 ex
666 1204 708 1250 ea
720 1181 934 1268 definitione,
958 1204 1062 1271 quarn
1075 1205 1176 1274 supra
1188 1202 1257 1272 po-

138 1284 283 1369 suimus,
308 1284 438 1353 clarum
450 1295 515 1372 eet,
540 1307 609 1353 non
621 1287 656 1353 in
668 1286 806 1353 bomine
821 1287 915 1370 solo,
940 1297 979 1353 ut
990 1285 1129 1373 quidam
1144 1286 1257 1354 existi-

137 1395 253 1472 rnant,
270 1388 504 1478 reperiantur,
531 1389 592 1456 sed
613 1389 738 1477 ubique
760 1389 875 1456 locum
888 1388 1054 1472 habeant,
1079 1389 1139 1456 ubi
1152 1411 1258 1478 repu-
1367 1444 1375 1455 .

138 1492 277 1583 gmntia
289 1492 339 1558 ita
354 1491 514 1583 coniungi
528 1502 684 1582 possunt,
703 1492 965 1582 'quodammodo
984 1502 1022 1560 ut
1037 1491 1101 1559 sibi
1115 1513 1185 1558 non
1201 1514 1258 1558 re-

137 1603 308 1685 pugnent:
333 1617 403 1662 non
422 1595 457 1662 in
476 1596 573 1685 poesi
590 1597 684 1681 sola,
708 1595 769 1663 sed
793 1597 830 1662 in
851 1596 988 1683 reliquis
1011 1595 1112 1661 etiam
1135 1594 1259 1660 artibus

139 1706 232 1766 recte
250 1696 463 1765 adhibentur.
502 1699 617 1786 Atque
631 1699 667 1765 in
682 1699 815 1788 pictura
830 1697 968 1788 quidem
980 1697 1160 1764 non‘aliter
1178 1697 1260 1763 risus
1313 1698 1317 1707 ’

139 1809 309 1885 movetur,
321 1801 394 1868 nisi
416 1823 639 1890 rerumquae
660 1801 863 1893 pinguntur,
894 1801 1027 1869 auxilio.
1066 1801 1154 1868 Nam
1167 1800 1261 1890 ipsae

139 1925 263 1994 perse
291 1904 439 1995 figurae,
466 1903 510 1989 si,
542 1927 686 1993 quarum
714 1927 826 1973 rerum
848 1905 980 1997 figurae
1001 1905 1081 1988 sint,
1107 1911 1261 1993 spectare

140 2005 309 2091 omiseriS,
333 2029 404 2074 non
422 2018 562 2097 possunt
576 2006 738 2076 ridiculae
757 2031 838 2092 esse,
852 2017 1036 2099 propterea
1052 2006 1148 2096 quod
1163 2005 1261 2096 spatii

140 2109 401 2199 descriptiones,
418 2109 454 2176 in
470 2112 590 2201 quibus
601 2112 758 2178 nimirum
772 2112 895 2178 nullius
910 2112 1015 2201 partis
1029 2110 1140 2176 forma
1155 2131 1175 2174 e
1189 2108 1262 2173 for-

140 2235 199 2279 ma
218 2211 352 2279 alterius
371 2210 538 2302 pendeat,
569 2235 763 2302 repugnare
790 2214 854 2278 sibi
874 2214 970 2278 nullo
999 2221 1102 2300 pacto
1125 2218 1262 2298 queunt.

142 2314 384 2403 Quapropter,
411 2334 516 2401 quum
540 2314 674 2402 pictura
692 2315 795 2380 risum
815 2313 953 2398 excitat,
977 2314 1108 2404 figurae
1128 2334 1196 2381 non
1209 2313 1259 2379 iu-

142 2425 195 2483 ter
208 2436 261 2497 se,
288 2414 349 2482 sed
366 2435 445 2482 cum
459 2437 501 2481 eo
515 2425 685 2505 pugnant,
712 2414 806 2505 quod
821 2417 860 2482 iis
880 2416 1024 2506 exprimi
1036 2415 1201 2500 debebat,
1227 2422 1266 2480 ut

140 2519 175 2585 in
192 2516 302 2584 sannis
319 2515 483 2585 videmus.
523 2518 603 2586 Alia
624 2518 660 2584 in
674 2527 745 2585 arte
759 2518 886 2586 musica
902 2520 989 2587 ratio
1003 2527 1069 2602 est,
1095 2539 1183 2607 quae
1197 2539 1265 2584 uon

141 2620 248 2690 modo
262 2630 362 2687 cantu
376 2642 455 2689 cum
469 2621 596 2703 verbis,
623 2644 711 2709 quae
727 2630 905 2706 canuntur,
924 2621 1015 2689 male
1027 2620 1265 2704 concordante,

143 2723 204 2792 sed
223 2723 296 2790 sola
310 2723 411 2790 etiam
431 2723 625 2814 melopoeia
646 2723 873 2814 discrepantes
892 2724 1013 2793 modos
1029 2733 1108 2815 apte
1124 2724 1266 2792 coniun-

144 2826 360 2919 genterisum
379 2824 588 2894 'auditoribus
609 2846 823 2895 commovere
844 2837 966 2918 potest.
1019 2827 1122 2896 Cuius
1141 2827 1191 2895 rei
1205 2826 1267 2895 etsi

144 2929 309 2997 rarissima
323 2929 480 3018 exempla
495 2938 579 3014 sunt,
591 2952 660 2998 nou
674 2939 724 2998 est
735 2939 848 2998 tamen
860 2932 1051 3015 obscurum,
1066 2953 1166 3020 posse
1179 2928 1267 2996 illud

144 3032 229 3100 fieri.
253 3034 461 3121 Nam'quum
472 3033 512 3098 in
522 3042 593 3100 arte
607 3034 734 3102 musica
752 3041 786 3101 et
800 3034 872 3114 soni
887 3042 922 3102 et
934 3032 1029 3101 modi
1040 3033 1165 3124 regula·
1179 3055 1265 3122 qua-

146 3136 245 3218 dam,
271 3157 359 3225 quae
372 3159 393 3202 a
406 3136 686 3224 praecedentibus
702 3137 790 3204 sonis
807 3146 842 3205 et
855 3136 965 3204 modis
980 3136 1154 3218 delinitur,
1175 3134 1269 3202 ordi-

145 3238 249 3307 nandi
262 3248 363 3328 atque
375 3237 536 3308 flectendi
548 3240 628 3324 sint,
644 3249 799 3328 apertum
812 3250 881 3324 est,
905 3261 1097 3329 repugnare
1113 3238 1176 3304 sibi
1191 3258 1269 3305 mo-

145 3328 581 3431 dommconsequutionem
599 3364 715 3432 posse:
741 3364 828 3430 quae
841 3342 868 3408 si
880 3341 956 3408 talis
973 3350 1043 3428 est,
1068 3349 1107 3408 ut
1119 3339 1268 3432 quodam

148 3444 253 3513 modo
266 3467 335 3512 nou
350 3455 537 3535 repugnet,
563 3445 665 3512 rideri
681 3466 816 3512 necesse
832 3452 889 3512 est.

249 3549 312 3632 lis,
337 3569 426 3637 quae
441 3547 640 3618 deridiculo
661 3547 838 3638 disputavi,
863 3548 891 3616 si
905 3571 1016 3639 pauca
1029 3548 1074 3616 de
1089 3571 1148 3632 eo,
1174 3546 1270 3636 quod

149 3649 250 3718 simili
265 3651 518 3742 comparatione
530 3652 645 3720 flebile
659 3652 825 3743 appellari
844 3652 966 3742 possit,
994 3644 1194 3731 addiderim,
1210 3671 1269 3715 ve-

149 3753 240 3822 niam
254 3753 339 3822 mihi
352 3756 549 3843 impetrabit
565 3754 626 3823 illa
649 3754 908 3848 repugnantium
922 3754 1139 3822 affectionum
1153 3751 1272 3818 divisio

147 3858 184 3925 in
197 3852 301 3925 risutn
314 3866 348 3925 et
361 3857 489 3926 fletum.
508 3853 512 3859 ¹
546 3858 601 3927 Ac
616 3850 714 3926 fietus
736 3858 780 3942 si,
807 3855 1095 3947 quemadmodum
1113 3855 1213 3937 risuS,
1238 3853 1273 3920 in

149 3958 230 4051 ipsis
241 3962 343 4029 reb'us
363 3961 491 4051 aliquid
502 3960 624 4046 habet,
636 3984 705 4052 quo
721 3956 856 4030 excitari
866 3960 989 4050 possit,
1003 3958 1040 4024 id
1057 3956 1273 4047 cogitatione,

151 4085 241 4154 quae
259 4064 442 4153 voluptatis
465 4085 562 4132 sensu
580 4076 705 4150 caret,¹
717 4062 963 4155 comprehendi
976 4082 1044 4129 non
1058 4068 1186 4149 potest,
1213 4061 1273 4129 sed

151 4169 186 4234 in
200 4169 273 4235 sola
282 4165 507 4257 pulcritudine
515 4167 655 4237 inveniri
666 4168 779 4255 debet.
805 4167 903 4252 Quae
910 4163 1276 4255 quumeduabuspar-

153 4271 243 4341 tibus
257 4279 402 4358 constet,
428 4269 636 4340 formositate
650 4280 685 4340 et
701 4270 915 4352 sublimitate,
937 4267 971 4334 in
985 4267 1120 4338 illarum
1138 4269 1277 4341 coniun-

1337 4508 1383 4624 Δ
