2826 4904
500 274 911 361 onsuavrrro'nra
1190 299 1255 391 aaa

145 468 275 564 πεδίλῳ
293 464 547 561 σίγλαόιιωμονε
571 471 631 538 ubi
652 494 683 539 v.
698 469 805 539 schol.
831 469 910 537 Alia
923 492 1002 559 pars
1015 491 1172 538 numeros
1182 468 1255 538 ha

144 575 205 642 bet
234 574 386 641 brevium
409 573 613 661 syllabarum
639 573 826 663 frequentia
847 564 1045 655 concitatos,
1079 573 1255 662 multoque

143 686 240 744 motu
258 676 505 763 inaequabiles:
531 675 627 764 quod
649 699 755 768 genus
776 678 819 744 ab
845 675 986 743 Horatio
1010 676 1255 765 legibus'solu-
1279 678 1283 683 ’

143 790 216 847 tum
235 778 304 847 dici
324 778 464 850 videtur.
526 777 600 845 Hos
627 778 672 845 ad
695 779 871 847 Aeolicam
892 779 1102 846 harmoniam
1126 787 1256 870 aptatos

143 883 243 949 fuisse
275 891 308 948 et
337 881 519 949 similitudo
552 904 669 949 eorum
704 904 782 950 cum
811 883 875 949 isto
906 885 1032 973 genere
1061 882 1255 950 harmoniae

142 985 304 1069 ostendit,
330 992 365 1052 et
389 987 461 1074 ipse
481 994 586 1074 poeta
607 985 772 1075 significat
795 984 849 1053 01.
872 985 898 1051 1.
920 982 1005 1051 162.
1026 985 1089 1075 ἐμὲ
1112 985 1151 1056 δὲ
1168 979 1256 1066 oee-

145 1087 314 1180 φανῶσαι
328 1090 445 1173 neiron
464 1086 593 1180 ἱππίκῳ
611 1082 711 1178 νόμῳ
721 1090 892 1182 Αἰοληΐδι
908 1086 1033 1181 μολπᾷ
1048 1080 1125 1184 χρή.
1153 1088 1252 1158 Nem.

143 1190 205 1255 111.
221 1187 306 1255 136.
332 1190 392 1256 ubi
408 1212 443 1256 se
460 1213 596 1259 carmen
610 1191 741 1257 mittere
759 1189 841 1258 dicit
857 1189 1048 1262 Αιόλίσσιν
1068 1193 1106 1261 ἐν
1120 1186 1253 1260 πνοαί-

143 1318 202 1364 σιν
225 1288 353 1364 αὐλῶν.
405 1292 463 1360 Ad
478 1303 656 1380 utrumque
668 1293 784 1361 locum
799 1293 883 1359 falsa
902 1292 988 1359 veris
1000 1291 1139 1362 miscent
1150 1290 1254 1362 scho-

141 1394 267 1462 liastae.
318 1395 391 1463 Sed
421 1396 620 1463 obiicientur
643 1397 738 1463 nobis
759 1397 847 1464 haec
873 1395 962 1478 duo,
994 1418 1118 1479 unum,
1148 1392 1253 1485 quod,
1309 1390 1311 1394 ⁴

142 1520 247 1603 quum
261 1507 365 1586 poeta
383 1497 484 1566 01.1.
503 1496 562 1565 26.
581 1498 680 1583 dicat,
707 1494 799 1572 α’λλσί
812 1497 962 1592 Δωρίαν
977 1494 1052 1569 eiad
1068 1492 1253 1591 φόρμὶγγα

141 1594 329 1673 πασσάλου
345 1594 528 1695 λάμβανε,
552 1602 636 1669 nihil
657 1603 853 1670 discriminis
869 1602 954 1666 inter
971 1600 1132 1668 Doricam
1154 1600 1254 1687 atque
1307 1613 1309 1616 ’

142 1704 318 1771 Aeolicam
333 1703 544 1772 harmoniam
559 1727 744 1795 agnoscere
759 1703 922 1770 videatur.
973 1703 1020 1769 At
1034 1723 1101 1768 non
1119 1700 1254 1769 dubita-

141 1829 231 1890 muS,
258 1807 338 1894 quin
350 1806 500 1902 Δωρίαν
523 1800 707 1902 φόρμιγγα
722 1806 765 1873 de
781 1805 986 1894 Hypodoria
1005 1804 1182 1872 harmonia
1201 1804 1254 1871 in-

140 1909 251 1998 telligi
269 1908 413 1976 voluerit
434 1909 488 1999 *):
522 1910 568 1975 ita
587 1931 668 1976 vero
694 1909 836 1977 Aeolica
861 1908 1038 1976 harmonia
1060 1909 1254 1991 vocabatur,

139 2022 178 2078 ut
206 2012 405 2080 Heraclides
427 2013 586 2080 Ponticus
615 2013 709 2102 apud
734 2011 949 2081 Athenaeum
972 2012 1075 2080 docet
1096 2011 1188 2078 xlv.
1217 2034 1252 2102 p.

138 2111 283 2180 62411.
309 2115 350 2181 F.
377 2122 410 2182 et
431 2111 517 2182 625.
543 2118 585 2183 A.
636 2115 803 2182 Eamdem
823 2114 1033 2182 harmoniam
1051 2108 1157 2203 'poeta
1179 2123 1255 2180 tarr-

138 2217 193 2306 git
206 2215 260 2281 his
281 2216 390 2283 verbis
413 2219 448 2283 in
462 2218 568 2285 schol.
591 2217 636 2285 ad
658 2217 758 2307 Pytlr.
783 2217 826 2283 Π.
845 2215 931 2283 127.
955 2211 1109 2295 Αίολιιίς
1132 2218 1254 2307 ἔβαινε

139 2316 291 2413 Δωρίαν
305 2319 476 2390 κέλευθον
489 2317 621 2409 ὕμνων.
654 2320 827 2402 Alterum,
854 2318 948 2407 quod
966 2317 1151 2402 obiicietur,
1166 2317 1255 2385 haec

138 2421 244 2488 verba
260 2419 350 2504 su'nt,
377 2420 536 2510 Pythll.
553 2416 637 2487 125.
663 2415 749 2493 τόδε
768 2421 836 2514 μὲν
858 2415 953 2493 aare?
971 2419 1168 2493 Φοίνισσαν
1184 2424 1254 2511 ἑμ-

141 2516 258 2596 πολοίν
284 2525 391 2612 μέλος
419 2521 508 2617 ὑπὲρ
533 2524 659 2604 πολιαῖς
684 2518 768 2603 atde
794 2525 995 2614 πέμπεται·
1028 2517 1075 2594 νδ
1096 2514 1254 2595 Καστό-

142 2650 242 2719 ρειον
271 2621 301 2702 δ’
322 2628 360 2696 ἐν
390 2625 599 2698 Αἰολίδεσσι
630 2630 776 2720 χορδαῖς
806 2629 923 2700 θέλων
955 2622 1118 2721 ἄθρησον
1148 2617 1255 2718 χάριν

141 2720 373 2798 ἑπτακτύπου
400 2722 826 2824 φόρμιγγος-ἀντόμενος.
872 2729 985 2813 Nam,
1012 2728 1039 2794 si
1060 2727 1255 2797 scholiastas

91 2863 95 2869 ·
140 2828 265 2912 audias,
291 2829 454 2898 Pindarus
479 2831 550 2899 hoc
570 2853 722 2919 carmen,
749 2831 842 2920 qnod
864 2831 960 2899 nobis
974 2830 1122 2899 Aeolicis
1136 2852 1256 2898 nume-

139 2933 184 3000 ris
204 2933 364 3022 scriptum
390 2934 539 3017 videtur,
571 2935 683 3024 pretio
715 2943 877 3025 emptum.
897 2934 982 3001 mitti
1007 2933 1105 3015 dicit,
1139 2933 1256 3000 distin-

140 3057 246 3125 guens
269 3035 354 3102 illud
376 3038 419 3104 ab
441 3036 586 3104 Aeolico
611 3038 775 3123 carmine,
802 3038 906 3130 gratis
928 3039 1046 3120 misso,
1074 3037 1166 3106 ouius
1190 3026 1256 3103 ini-
1372 3040 1375 3044 '

138 3138 221 3204 llum
246 3138 364 3221 fuerit,
396 3132 497 3218 σύνος
525 3137 547 3210 ὅ
574 3166 612 3209 τι
637 3143 724 3230 λέγω
732 3195 745 3227 ,
778 3143 918 3225 ζαθέων
941 3140 1047 3232 ἱερῶν
1069 3132 1255 3230 ὁμώνυμε,
1365 3162 1373 3171 ·

137 3241 285 3336 κτίστορ
293 3243 443 3336 Αἴτνας.
496 3240 646 3307 Fuerunt
659 3265 737 3308 sane
757 3240 855 3307 huius
871 3264 1008 3329 quoque
1021 3239 1176 3306 carminis
1192 3262 1256 3305 nu·

137 3344 241 3425 meri,
278 3353 315 3408 ut
342 3343 518 3410 exordium
543 3341 664 3426 docet,
698 3343 849 3409 Aeolici:
888 3342 948 3408 sed
976 3344 1092 3431 inepta
1121 3338 1255 3408 tradere

137 3445 333 3514 scholiastae
352 3447 419 3513 iarn
440 3445 591 3534 Heynius
615 3455 648 3511 et
671 3445 855 3513 Gedickius
879 3455 1063 3512 senserunt:
1095 3443 1152 3534 qui
1176 3443 1255 3531 qni·
1365 3468 1368 3473 ’

138 3548 218 3616 dem
234 3549 361 3615 nollem
377 3547 423 3614 ad
438 3547 705 3615 emendationem
719 3548 962 3638 confugissent,
989 3570 1090 3636 quam
1107 3569 1171 3614 nec
1190 3569 1253 3630 ree,
1373 3551 1380 3565 “

136 3674 200 3720 nec
213 3662 358 3719 metrum
377 3651 529 3718 admittit.
581 3651 701 3743 Inepta
721 3661 795 3718 sunt
816 3653 850 3718 in
868 3652 1121 3719 scholiastarum
1144 3649 1248 3739 expli-

135 3756 268 3823 catione
280 3755 375 3840 ⁴haec
399 3753 486 3839 duo,
513 3777 631 3839 unum,
658 3755 752 3844 quod
770 3755 814 3822 de
835 3755 1040 3824 mercenario
1056 3753 1202 3823 carmine
1219 3760 1252 3818 et

135 3859 239 3948 gratis
253 3858 352 3926 misso
368 3868 507 3948 poetam
521 3851 615 3946 loqui
633 3869 769 3946 putant3
792 3858 953 3943 alterum,
983 3857 1077 3946 quod
1093 3855 1152 3923 hic
1171 3869 1299 3928 eumzc

135 3960 224 4028 istud
244 3963 347 4052 gnatis
364 3962 499 4028 missum
521 3982 656 4029 carmen
677 3961 821 4029 Hieroni
840 3949 1078 4031 commendare
1100 3957 1252 4042 credunt,

132 4115 337 4131 ——n———

180 4204 207 4279 *)
229 4200 409 4274 Praestabit,
433 4199 559 4278 opinor,
580 4198 702 4280 Δωρίαν
723 4195 874 4283 φόρμιγγα
898 4199 936 4259 de
959 4199 1042 4279 poesi
1066 4199 1163 4275 llario,
1191 4217 1254 4258 non

140 4287 178 4348 de
198 4282 295 4346 rhodis
315 4283 436 4346 musicis
457 4284 590 4362 intelligi.
