2826 4904
298 298 356 360 DE
378 295 596 359 obtectu
617 297 826 360 LlNGVAE
848 295 1108 358 clarueris.
1198 299 1262 362 185

146 466 245 538 latius
262 477 398 560 patent,
424 469 503 558 quia
524 468 558 536 ln
573 470 683 560 poetis
704 462 848 538 metrum
863 469 1024 557 accedit,
1037 468 1133 561 quod
1150 469 1262 561 ipsum

149 571 206 641 vel
227 595 293 662 pro
314 573 492 664 generibus
513 594 674 663 poeseos,
699 574 755 640 vel
778 595 844 663 pro
868 574 1031 641 aetatibus
1048 572 1194 657 diverffl
1207 571 1261 639 le-

146 696 211 767 ges
227 675 352 744 habet:
377 674 584 746 difficiliores
606 684 719 743 autem
741 687 833 760 suut,
859 675 956 765 quod
975 675 1151 745 fastidioso
1172 697 1260 765 quo-

146 777 230 846 dam
254 787 521 868 temperamento
544 801 565 846 e
585 779 682 846 variis
696 778 847 847 dialectis
861 781 985 848 mixtae
1001 786 1093 864 sunt,
1118 786 1172 862 ut,
1197 778 1262 845 nisi

145 882 288 949 multam
301 880 336 948 in
354 879 426 952 hoo
439 904 566 975 genere
581 881 792 972 diligentiam
807 881 1009 968 adhibueris,
1032 881 1192 972 proclivis
1207 881 1260 948 via

145 983 194 1051 ad
214 1006 364 1051 errorem
388 985 438 1052 sit.
497 985 576 1070 Quo
600 984 709 1075 magis
734 984 981 1071 adolescentes,
1024 985 1082 1073 qui
1111 983 1261 1054 Graecas

144 1085 273 1155 litteras
288 1093 447 1181 tractent,
473 1088 633 1155 monendi
650 1097 741 1172 sunt,
766 1111 809 1155 ne
829 1096 949 1185 putent
967 1087 1152 1177 quidquam
1172 1086 1260 1154 adeo

145 1190 224 1258 leve
237 1212 328 1275 esse,
354 1199 392 1257 ut
411 1190 506 1258 nulla
524 1190 604 1260 inde
624 1191 757 1282 percipi
771 1191 876 1281 possit
891 1191 1023 1258 utilitas.
1074 1189 1261 1258 Minutissi-

143 1315 224 1360 mae
236 1291 325 1361 enim
338 1292 421 1360 istae
433 1316 487 1361 res
509 1293 640 1361 radices
658 1303 733 1361 sunt
755 1293 852 1378 artis,
877 1316 961 1382 quas
983 1293 1042 1385 qui
1060 1293 1157 1383 parvi
1172 1315 1260 1382 pen-

144 1393 250 1481 dunt,
274 1396 401 1486 pariter
412 1395 708 1487 reprehensionem
723 1406 911 1481 merentur,
935 1404 974 1464 ut
992 1396 1053 1481 illi,
1079 1396 1138 1485 qui
1156 1396 1191 1463 in
1206 1393 1260 1463 his

142 1497 245 1566 rebus
258 1498 337 1565 solis
346 1497 497 1584 haerent,
522 1523 624 1589 quem
639 1499 798 1568 adfinem
812 1523 873 1568 eae
888 1522 941 1568 res
957 1508 1139 1569 tractentur
1155 1497 1260 1565 obliti.

143 1599 237 1668 Volo
258 1599 346 1671 haec
368 1602 531 1694 exemplis
553 1602 754 1693 quibusdam
773 1603 956 1683 illustrare3
983 1625 1090 1691 eaque
1106 1601 1185 1668 talia
1199 1622 1258 1669 ex·
1311 1685 1314 1690 .

142 1723 319 1799 promam,
344 1703 390 1771 ad
403 1728 492 1793 quae
505 1705 589 1773 ahos
605 1706 782 1774 attendisse
797 1727 865 1773 non
879 1727 1043 1773 noverim.
1368 1762 1401 1772 ..

216 1804 454 1896 Aeschylus,
480 1807 693 1898 Sophocles,
719 1815 820 1896 atque
833 1806 1032 1900 Euripides,
1057 1829 1163 1895 quum
1177 1812 1210 1872 et
1224 1766 1346 1878 ins

143 1865 268 1978 eodem
286 1931 413 2002 genere
433 1910 600 1980 scribendi
620 1911 882 2031 elaboraverint,
909 1918 943 1980 et
964 1918 1073 1980 aetate
1091 1930 1181 2001 pene
1195 1906 1260 1974 sint

141 2013 318 2102 aequales,
347 2013 495 2103 plurima
522 2015 714 2084 communia
740 2014 890 2083 habeant
909 2037 1045 2084 necesse
1064 2022 1122 2080 est.
1173 2010 1259 2079 Sunt

139 2123 273 2203 tamen,
305 2116 425 2204 quibus
448 2119 671 2207 unusquisque
693 2117 819 2186 horum
847 2118 891 2184 ab
922 2117 1059 2204 reliquis
1090 2111 1259 2182 discedat:

139 2240 254 2305 neque
275 2218 387 2286 solum
402 2219 491 2286 inter
511 2242 547 2286 se
570 2219 609 2285 hi
628 2220 808 2308 scriptores
823 2216 925 2284 valde
938 2216 1116 2299 differunt,
1139 2235 1259 2283 verum

140 2318 265 2401 etiam,
297 2317 491 2408 Sophocles
515 2319 634 2388 saltem
654 2328 756 2408 atque
782 2317 983 2408 Euripides,
1013 2316 1109 2384 haud
1135 2339 1257 2407 parum

138 2421 186 2489 ab
200 2443 236 2488 se
251 2419 331 2511 ipsis
348 2420 550 2512 discrepant.
599 2420 647 2490 Vt
664 2421 836 2492 luculento
854 2422 1010 2512 exemplo
1024 2430 1109 2506 utar,
1135 2427 1259 2508 quanta

139 2544 221 2592 cum
258 2521 433 2615 diligentia
463 2525 500 2591 in
540 2523 740 2613 quibusdam
770 2524 895 2593 horum
934 2521 1117 2618 tragoediis
1145 2544 1258 2591 versus

87 2654 94 2683 ι
142 2626 306 2695 elaborati
333 2635 424 2712 sunt,
448 2635 576 2695 tantam
594 2627 630 2694 in
649 2627 790 2695 aliarum
814 2628 963 2696 versibus
981 2626 1175 2695 fabularum
1194 2646 1252 2693 ne·

139 2730 341 2821 gligentiam
362 2730 509 2798 invenias
579 2729 685 2815 Quod
708 2752 778 2798 non
803 2740 853 2798 est
874 2752 956 2799 casu
979 2730 1116 2798 factum.
1167 2728 1256 2796 Nam

140 2854 246 2920 quum
259 2832 444 2923 Sophoclis
459 2841 560 2922 atque
572 2825 745 2924 Euripidis
760 2842 888 2921 aetate,
913 2856 1018 2923 quum
1033 2831 1173 2921 quidem
1186 2831 1256 2898 iam

139 2935 199 3003 diu
218 2946 366 3004 mortuus
391 2946 476 3004 esset
499 2936 709 3028 AeschyluS,
740 2936 867 3006 furiose
897 2935 1081 3030 tragoediis
1103 2935 1254 3005 delecta-

138 3047 252 3108 rentur
267 3039 505 3135 Athenienses,
531 3048 606 3108 orta
620 3050 694 3109 sunt
710 3041 770 3108 illa

761 3139 1024 3277 praecelli-lea,

345 3273 547 3371 τραγζιδίας
561 3275 741 3347 ποιοῦντα
758 3277 896 3348 πλεῖν
874 3306 894 3363 η
911 3275 1038 3369 μυρία,

347 3375 551 3476 Εὐριπίδου
568 3376 710 3500 ulcio
688 3404 708 3474 η
729 3376 863 3472 σταδίῳ
879 3375 1089 3471 λαλίστερα

136 3549 197 3638 qui
221 3545 375 3615 homiues
401 3571 507 3637 quum
537 3570 605 3615 non
630 3556 765 3640 possent
796 3569 864 3616 non
894 3568 1111 3639 corrumpere
1148 3554 1254 3612 artem

134 3651 313 3742 tragicam,
339 3674 381 3718 ne
396 3652 552 3719 meliores
565 3651 703 3740 quidem
717 3660 860 3742 poetae,
887 3653 1046 3740 quoniam
1063 3652 1143 3717 istos
1166 3669 1254 3736 quo-

135 3776 205 3842 que
227 3753 366 3843 placere
385 3756 518 3846 populo
546 3753 871 3839 animadvertebant,
906 3753 994 3821 illud
1019 3751 1184 3833 studium,
1209 3749 1254 3815 il-

134 3857 274 3944 lamque
313 3857 540 3949 diligentiam,
581 3880 648 3946 qua
688 3866 765 3924 ante
807 3866 900 3925 eraut
939 3855 1005 3939 usi,
1039 3855 1253 3921 retinuemnt.

135 3958 237 4046 Quae
252 3959 392 4027 mutatio
408 3959 500 4029 facta
524 3968 573 4028 est
596 3958 803 4050 Olympiade
827 3959 899 4028 XC.
917 3967 951 4026 et
965 3957 1054 4025 XCI.
1082 3955 1130 4045 *).
1181 3955 1252 4023 lta-

177 4298 208 4378 *)
236 4297 323 4391 Vide
339 4295 555 4380 praelationem
588 4320 683 4361 meam
712 4299 751 4359 ad
780 4298 884 4379 Eurip.
909 4299 1013 4379 Suppl.
1039 4319 1068 4378 p.
1100 4302 1129 4364 4.
1160 4251 1251 4360 Elem.
