2826 4904
190 321 253 387 124
448 317 563 379 PARS
585 316 621 377 ll.
651 316 707 376 DE
737 313 1062 377 DIFFERENTIA

185 493 370 580 ecumque,
396 498 599 576 constantes,
624 491 658 557 in
678 488 799 578 quibus
817 490 986 579 potiorem
1002 488 1117 557 locum
1131 494 1300 569 accentus,

188 593 420 664 secundarium
435 580 598 661 ‘mensura
615 601 715 661 tenet.
774 592 892 681 ltaque
920 594 1094 660 imminuta
1123 611 1300 658 mensurae

186 698 378 782 severitate,
403 696 493 765 unde
514 697 697 764 oratorium
719 717 894 763 numemm
919 693 1040 763 Cicero
1064 693 1319 776 remissiorem,¹

185 800 381 868 Aristoteles
395 793 542 896 ῥυθμόν
554 800 663 893 μέχρι
678 791 747 870 aad
761 809 882 883 vocat,
895 798 989 886 quod
1010 798 1054 865 de
1071 794 1298 886 pulcritudine

185 903 315 972 metrici
330 902 459 971 numeri
479 901 682 985 detrahitur,
708 901 863 990 rependit
884 901 933 968 vis
955 909 1173 983 accentuum,
1198 906 1298 968 aucta

184 1006 429 1074 vocabulomm
452 1004 700 1096 significationis
718 1012 903 1094 potestate,
930 1013 964 1071 et
985 1025 1026 1071 eo
1053 1002 1198 1072 decursu
1219 1022 1298 1068 ver-

184 1109 306 1176 borum
325 1109 490 1193 instituto,
516 1108 574 1196 qui
588 1108 632 1175 ad
648 1107 829 1174 sententiae
842 1106 1096 1198 intelligentiam
1111 1115 1160 1173 est
1173 1113 1297 1194 poten·

183 1211 334 1280 tissimus.
394 1211 626 1296 Quamobrem
647 1209 870 1279 distinctiones
889 1208 1081 1278 nonhabet
1110 1207 1210 1292 alias,
1235 1205 1298 1274 uisi

184 1337 271 1402 quae
289 1313 444 1382 orationis
466 1335 603 1403 quoque
627 1312 804 1382 divisiones
828 1322 912 1380 sunt.
962 1313 1014 1380 Ita
1036 1314 1104 1380 iam
1127 1311 1297 1401 explicare

135 1431 176 1495 10
185 1417 301 1486 licebit
315 1417 463 1509 Longini
479 1416 524 1484 de
535 1418 593 1484 illo
605 1415 840 1484 Demosthenis
852 1416 933 1484 loco
949 1414 1153 1498 sententiam,
1177 1414 1298 1501 inqua

185 1521 287 1588 etiam
304 1519 546 1610 Klopstockius
569 1542 590 1586 a
611 1539 692 1588 vero
726 1519 901 1587 aberravit.
959 1518 1123 1586 Nimirum
1138 1515 1297 1606 dacnlici

184 1633 258 1691 sunt
289 1623 342 1689 isti
369 1623 499 1690 numeri
523 1622 701 1690 maximam
731 1631 882 1712 partem,
917 1621 944 1688 si
973 1620 1110 1711 quidem
1135 1620 1296 1688 metrico·

183 1748 260 1794 rum
279 1748 496 1795 numerorum
510 1724 733 1793 nominibus
723 1744 758 1794 m
774 1723 844 1795 hoc
858 1721 985 1816 genere
998 1724 1045 1791 uti
1060 1724 1156 1792 licet·
1181 1720 1294 1796 τοῦτο

182 1856 228 1901 co
219 1821 258 1926 Ι
281 1822 455 1922 ψήφισμα
476 1830 483 1918 Ι
506 1823 572 1901 τόν
588 1854 675 1900 rora
687 1856 732 1922 τη
720 1821 762 1925 Ι
784 1820 889 1900 πόλει
873 1821 918 1949 Ι
940 1851 1178 1922 περισταντα
1186 1817 1253 1923 Ι’
1216 1850 1295 1896 κιν-

182 1933 292 2009 δυνον
321 1933 328 2020 Ι
358 1935 597 2029 παρελθεῖν
579 1959 597 2004 a
619 1923 626 2027 Ι
648 1928 796 2025 ποίησεν
824 1924 889 2049 Ι
860 1956 972 2052 ocuap
1001 1925 1008 2028 Ι
1036 1928 1243 2023 ua'tpocln
1201 1926 1297 1996 ludi-

183 2034 272 2105 cabo
283 2032 408 2101 homm
422 2034 584 2103 rationem
599 2053 814 2101 uumeromm
828 2032 866 2101 iis
882 2034 1002 2126 signis,
1028 2029 1178 2122 quibus
1169 2051 1205 2098 m
1223 2052 1295 2098 me-

181 2135 266 2207 trica
288 2145 362 2205 arte
382 2136 521 2222 utimur,
548 2134 610 2205 sed
630 2144 771 2208 accentu
788 2158 913 2229 prosae
935 2134 1108 2220 orationis,
1133 2155 1203 2202 uon
1224 2157 1295 2204 me·

180 2239 283 2328 trico,
308 2247 441 2309 notato:

278 2459 368 2513 “-υυ
410 2479 483 2513 --υ
524 2477 625 2514 -vsa-
667 2478 712 2511 υ·
753 2477 858 2512 sab-v
899 2366 1277 2543 --υΙυ--υΙ--υΙ

292 2696 344 2713 ....
385 2682 434 2715 νυ

179 2783 232 2851 lta
253 2781 357 2874 hacc,
389 2784 436 2870 si,
472 2781 647 2879 Quirites,
677 2785 930 2872 masillias,
961 2781 1054 2858 hunc
1080 2780 1212 2854 habent
1232 2806 1279 2854 nu

179 2908 326 2955 memm:

177 3237 213 3399 lei
244 3184 350 3316 haec,
374 3226 515 3303 ,obem
543 3226 699 3299 Βοιιιαιιι
728 3251 754 3300 u
777 3229 956 3324 principio
987 3250 1095 3324 reges
1125 3229 1294 3316 haduae,

205 3353 285 3402 unc:

533 3511 542 3546 Ι

292 3584 339 3605 ..ι-
381 3569 430 3601 nh)
471 3571 600 3604 --Ν-
640 3586 700 3606 x---·
740 3572 844 3604 υυιυ

177 3672 433 3766 Propemodum
454 3671 597 3764 intelligi
617 3695 659 3741 ex
682 3671 736 3741 his
753 3682 881 3764 potest,
908 3673 990 3762 quid
1011 3673 1073 3742 sibi
1095 3672 1177 3742 velit
1195 3672 1293 3758 illud,

177 3778 272 3868 quod
291 3779 327 3844 iu
346 3798 449 3868 prosa
470 3777 619 3845 oratioue
638 3778 743 3867 verba
766 3778 813 3845 ita
835 3777 996 3847 collocari
1017 3785 1144 3860 vetant,
1177 3784 1218 3843 ut
1239 3783 1295 3845 aut

175 3880 299 3972 integri
319 3902 451 3963 versus,
484 3888 543 3947 aut
569 3889 682 3970 partes
705 3890 797 3951 certe
821 3904 977 3949 versuum
995 3880 1086 3950 nasci
1106 3878 1293 3947 videantur.

176 3984 326 4053 Primum
340 3981 512 4052 enimhoc
533 4004 602 4050 nou
620 3983 681 4051 nisi
697 3984 742 4052 de
757 3985 973 4053 usitatissimis
988 3983 1100 4052 metris
1121 3983 1294 4073 accipien-

177 4089 260 4155 dum
274 4097 339 4174 est,
365 4109 453 4177 quae
469 4087 628 4175 quoniam
641 4087 688 4152 ita
703 4097 778 4154 sunt
796 4097 892 4173 nota,
918 4099 956 4156 ut
973 4089 1140 4156 neminem
1157 4086 1294 4170 lateant,
1356 4134 1360 4143 ·

177 4213 245 4258 non
275 4199 349 4257 sunt
366 4198 549 4281 propterea
571 4189 727 4275 vitanda,
763 4191 842 4280 quia
868 4192 994 4260 numeri
1013 4190 1065 4258 isti
1086 4189 1132 4257 ad
1155 4211 1293 4281 prosam

179 4293 363 4362 orationem
376 4315 444 4362 uon
458 4292 521 4362 sint
537 4293 624 4386 apti,
650 4295 711 4362 sed
731 4295 825 4385 quod
845 4297 891 4364 ob
910 4296 1121 4386 frequentem
1135 4292 1180 4386 ,in
1196 4291 1293 4386 poesi
