2826 4904
232 323 295 386 174
458 318 516 377 DE
537 316 718 378 ELLIPSI
747 316 802 377 ET
828 313 1116 376 PLEONASMO

232 512 299 557 non
321 489 446 572 minus,
481 511 583 577 quam
606 489 641 558 in
664 489 912 580 praepositione
930 487 1060 556 inesse?
1100 485 1190 554 Nam
1214 485 1346 556 siesse

232 595 267 663 in
286 592 359 659 sola
381 593 651 682 praepositione,
678 602 735 661 aut
747 593 842 660 nullo
858 615 938 661 casu
960 613 1048 681 opus
1062 597 1165 674 esset,
1192 598 1252 656 ant
1269 612 1346 660 usus

232 691 370 767 casuum
388 702 473 763 es‘set
491 697 708 786 promiscuus.
760 695 865 780 Quod
891 705 1024 779 contra,
1049 693 1134 760 siin
1160 713 1242 760 casn
1254 692 1346 778 inest,

231 798 438 891 praepositio
456 806 611 866 nontam
624 799 765 867 mutabit
785 799 1009 889 significatum
1029 819 1124 864 suum
1142 816 1208 885 pro
1233 795 1346 870 direr-

231 904 327 971 sitate
339 923 495 988 casuum,
524 925 627 992 quam
645 903 877 972 conciliabitur
893 902 964 969 eius
987 899 1186 990 significatio
1205 920 1285 968 cum
1307 922 1347 968 ea

232 1005 492 1096 significatione,
532 1027 619 1092 quae
650 1014 699 1072 est
729 1005 764 1072 in
785 1028 873 1075 casn.
931 1002 1102 1094 Exemplo
1134 1011 1210 1070 utar
1242 1003 1346 1093 plano

234 1117 268 1174 ct
281 1109 474 1198 perspicuo.
526 1100 638 1203 Παροῖ
656 1116 706 1176 est
726 1107 847 1200 apud,
877 1130 985 1195 eaque
1004 1106 1205 1197 significatio
1225 1114 1347 1190 manet,
1373 1152 1375 1158 ·

234 1211 302 1287 sive
327 1205 527 1307 naccisci,
566 1212 634 1277 sive
656 1204 758 1305 παροῖ
786 1215 844 1300 σε’,
877 1212 945 1278 sive
970 1202 1073 1306 napo?
1102 1208 1171 1281 0οὕ
1202 1208 1347 1277 dicatur:

234 1313 295 1380 sed
328 1335 466 1382 casuum
495 1312 667 1380 diversitas
690 1313 789 1398 facit,
825 1323 864 1380 ut
883 1306 984 1409 nepo?
1011 1310 1071 1385 0οὶ
1101 1311 1270 1380 habeatur
1300 1311 1347 1396 id,

233 1414 327 1504 quod
354 1427 403 1483 est
417 1414 511 1506 apud
525 1424 575 1496 te;
600 1409 701 1513 napo?
725 1418 777 1506 σέ,
803 1418 898 1506 quod
923 1415 1065 1485 accedat
1088 1413 1134 1482 ad
1163 1423 1216 1496 te3
1248 1406 1347 1511 nopai

235 1519 304 1591 0οὗ
310 1573 324 1608 ,
351 1520 447 1607 quod
471 1519 581 1586 veniat
605 1528 702 1585 ate:
731 1519 768 1586 id
794 1521 889 1608 quod
915 1519 1012 1586 simili
1042 1518 1148 1585 modo
1175 1518 1272 1587 Galli
1296 1516 1349 1584 di·

234 1631 325 1705 cunt,
352 1623 400 1690 de
420 1622 506 1692 cheu
526 1620 585 1690 toi.
636 1622 754 1711 ltaque
780 1625 806 1690 si
832 1646 926 1690 casus
952 1645 1021 1690 non
1047 1620 1177 1712 pendet
1202 1644 1223 1689 e
1247 1642 1348 1712 prae-

233 1725 418 1816 positione,
456 1745 517 1795 cur
542 1724 681 1813 'ellipsin
719 1727 977 1815 praepositionis
1009 1724 1248 1810 adhibeamus,
1291 1723 1349 1791 ubi

235 1851 331 1900 casus
360 1839 408 1896 est
435 1828 504 1895 sine
529 1827 804 1919 praepositione?
837 1830 1019 1912 Nimirum,
1046 1828 1104 1916 qui
1122 1828 1350 1918 praepositio-

234 1953 316 1999 num
338 1931 473 2021 ellipsin
496 1933 806 2019 comminiscuntur,
838 1932 908 2003 hoc
935 1932 985 1999 uti
1012 1932 1121 2000 solent
1139 1939 1350 2022 argumento,

235 2033 331 2124 quod
350 2056 456 2123 quum
471 2035 596 2101 multae
615 2035 801 2103 locutiones
821 2035 1029 2103 inveniantur
1048 2035 1141 2102 idem
1162 2032 1350 2127 significau-

235 2149 305 2222 tes,
333 2137 403 2205 sive
424 2137 510 2204 adsit
529 2137 734 2228 praepositio
749 2138 816 2205 sive
831 2140 935 2222 absit,
962 2127 1109 2206 absentia
1125 2138 1351 2230 praepositio-

168 2241 285 2308 lblinis
300 2262 367 2309 non
390 2241 494 2332 possit
511 2263 580 2307 non
601 2263 664 2331 per
686 2241 817 2330 ellipsin
838 2242 1007 2332 explicari.
1032 2241 1160 2309 Mirum
1175 2264 1270 2327 vero,
1295 2262 1350 2309 eos

233 2364 303 2412 non
324 2346 462 2429 sentire,
497 2366 600 2432 quam
621 2343 690 2414 hoc
714 2346 867 2434 ineptum
891 2347 932 2412 sit
953 2354 1200 2436 argumentum.
1260 2344 1351 2429 Quid

234 2446 339 2532 eninr,
370 2448 488 2536 siquis
507 2449 661 2532 obiiciat,
687 2449 747 2514 ubi
769 2449 940 2515 omittatur
954 2451 1181 2539 praepositio,
1207 2471 1278 2516 nou
1290 2468 1350 2540 per

234 2538 371 2641 ellipsin
392 2551 517 2635 omitti,
544 2550 628 2635 sed,
654 2551 715 2617 ubi
741 2550 856 2617 addita
877 2553 1079 2638 inveniatur,
1105 2552 1259 2620 additam
1284 2573 1350 2619 esse

233 2678 297 2746 per
320 2652 578 2742 pleonasmum?
617 2653 688 2720 Sed
710 2675 753 2719 ne
769 2654 943 2721 videamur
961 2656 1070 2746 magis
1084 2655 1215 2724 inscitia
1231 2656 1350 2724 adver-

228 2757 414 2841 sariorum,
441 2778 542 2845 quam
556 2755 685 2823 idoneis
699 2757 882 2824 rationibus
899 2758 1051 2843 vincere,
1076 2759 1147 2828 hoc
1164 2781 1224 2827 eos
1238 2760 1349 2828 dicere

235 2860 420 2956 faciamus,
462 2858 542 2925 ideo
570 2858 798 2926 adhibendam
827 2884 897 2928 esse
922 2862 1057 2951 ellipsin
1083 2863 1349 2952 praepositionis,

235 2962 331 3050 quod
349 2960 386 3028 in¹
404 2962 477 3029 solo
499 2984 593 3046 casu,
627 2983 729 3049 quem
751 2987 904 3052 quaeque
924 2965 1131 3055 praepositio
1150 2966 1259 3056 regit,
1284 2987 1349 3032 non

235 3067 311 3133 insit
330 3065 419 3134 haec
439 3066 505 3149 vis,
531 3086 618 3151 qnae
641 3068 781 3155 propria
804 3078 853 3134 est
873 3068 1140 3159 praepositionis
1175 3091 1216 3137 ea
1240 3078 1348 3136 autem

235 3170 269 3238 vi
291 3181 325 3236 et
347 3168 591 3260 significatione
611 3169 706 3235 locos
729 3169 824 3254 illos,
856 3171 891 3237 in
912 3173 1033 3260 quibus
1049 3173 1114 3261 ipsi
1134 3172 1269 3261 ellipsin
1286 3170 1347 3239 ad-

234 3274 384 3358 mittant,
410 3293 525 3339 carere
546 3293 615 3338 non
642 3294 751 3362 posse.
810 3273 889 3344 Hoc
911 3287 1145 3365 argumentum
1164 3283 1202 3342 ut
1223 3274 1348 3343 refute-

233 3389 305 3461 tur,
330 3379 444 3467 primo
464 3374 646 3443 videndum
662 3386 727 3459 est,
753 3399 841 3464 quae
862 3378 902 3443 sit
919 3379 1078 3467 cuiusque
1100 3400 1195 3447 casus
1211 3379 1278 3463 vis,
1290 3378 1347 3445 'oh

234 3503 337 3568 quam
362 3481 439 3569 regi
462 3502 482 3544 a
502 3479 807 3569 praepositionibus
827 3481 1030 3566 quibusdam
1053 3482 1201 3561 dicatnr3
1227 3480 1348 3549 deinde

234 3607 277 3651 an
303 3583 424 3651 eadem
447 3582 494 3647 vis
516 3583 557 3648 sit
578 3584 614 3649 in
632 3580 685 3647 his
704 3581 805 3665 loeis,
831 3582 865 3647 in
886 3584 1004 3670 quibus
1028 3585 1124 3652 nulla
1149 3583 1285 3654 adiecta
1304 3591 1348 3651 est

232 3686 450 3779 praepositio.
504 3685 583 3753 Hoc
599 3685 688 3751 enim
704 3684 730 3750 si
744 3683 972 3774 effecerimus,
1000 3697 1120 3779 sponte
1132 3688 1347 3780 intelligetur,

234 3792 346 3881 ellipsi
365 3789 450 3857 nihil
477 3810 562 3878 opus
585 3810 664 3854 esse.

562 4020 632 4082 VII.
655 4021 715 4084 De
743 4045 818 4086 nau
846 4026 1028 4108 genitivi.

338 4197 390 4266 Ac
410 4198 536 4287 primus
563 4184 880 4266 commemorabitur
903 4200 1087 4292 genitir‘uS,
1121 4221 1192 4288 quo
1215 4200 1353 4269 incarn

233 4300 356 4368 mirum
380 4302 414 4368 iu
433 4301 575 4374 modum
599 4301 782 4372 luxuriatur
802 4304 921 4396 lingua
942 4304 1164 4375 Graecorum.
1227 4302 1352 4388 Quare,
