2826 4904
154 298 220 364 216
431 295 491 358 DE
519 295 753 358 placuero
783 294 982 360 PlNDARI

125 448 132 465 ¹
155 468 225 538 rica
247 466 363 560 lingua
381 491 478 538 nsum
497 470 732 557 existimantes,
766 479 910 556 temere,
935 465 1101 559 quidquid
1123 465 1265 535 Dorien-

154 571 247 641 sibus
267 573 422 639 usitatum
438 572 517 657 fuit,
543 583 601 642 aut
623 573 802 643 ferendum
823 576 858 642 in
878 573 932 640 his
951 571 1187 662 scriptoribus,
1214 579 1268 637 aut

155 674 256 744 etiarn
275 675 507 766 reponendum
531 699 600 744 esse
620 687 765 748 censent.
822 679 871 745 At
892 698 936 743 ne
967 673 1173 743 Theocritus
1195 673 1268 761 qni-

156 777 238 846 dem
261 777 387 866 ubique
407 787 464 845 aut
487 778 647 848 Doricam
678 780 879 864 dialectum,
922 786 978 844 aut
1009 775 1168 845 eumdem
1197 775 1268 843 llo-

155 880 293 948 rismum
304 881 451 948 admisit:
476 882 537 948 scd
557 881 655 949 huius
676 883 726 950 rei
739 883 822 951 lines
849 880 909 971 qui
930 886 1144 961 monstraret,
1170 901 1270 968 praem

155 984 270 1050 sertim
290 983 325 1051 in
350 993 420 1050 tarn
449 993 608 1074 corrupto
633 986 813 1077 scriptore,
857 982 1009 1051 nondum
1037 982 1188 1049 inventus
1212 990 1267 1049 est.

156 1084 270 1153 Minus
286 1088 386 1154 etiam
406 1085 531 1155 Dorica
551 1088 669 1179 lingua
684 1111 761 1157 usus
786 1096 836 1156 est
849 1085 1031 1154 Pindarus:
1056 1084 1116 1172 qui
1137 1106 1182 1152 ne
1201 1084 1271 1174 ipse

156 1187 313 1278 quidem,
345 1189 497 1278 quamvis
520 1190 680 1282 integrior
702 1191 775 1258 aliis
803 1189 1018 1280 scriptoribus
1039 1186 1085 1255 ad
1110 1209 1173 1254 nos
1192 1209 1269 1278 per—

155 1291 282 1360 venisse
302 1292 464 1375 creditus,
496 1316 575 1362 suae
606 1294 743 1362 dialecti
767 1293 981 1384 probabilem
1005 1290 1131 1381 reperit
1154 1291 1270 1380 expla-

156 1403 319 1461 natorem.
377 1395 560 1480 Nimirum,
600 1406 637 1463 ut
664 1396 744 1463 alibi
771 1418 839 1464 non
866 1394 971 1463 semel
999 1393 1159 1477 diximuS,
1198 1403 1271 1460 aute

159 1495 271 1564 omnia
291 1497 442 1587 gentium
468 1498 604 1566 dialecti
625 1523 646 1565 a
666 1498 816 1566 dialectis
846 1497 1201 1586 scribendigenerum
1221 1519 1270 1564 se-

133 1599 351 1673 lcernendae
367 1608 469 1668 erant.
523 1600 621 1685 Quae
634 1624 687 1668 res
698 1600 803 1668 babet
818 1624 895 1667 sane
913 1598 1041 1688 aliquid
1058 1598 1271 1684 difficultatis,

157 1701 252 1792 quod
267 1704 419 1794 gentium
434 1726 513 1772 usus
537 1726 557 1770 e
579 1705 793 1795 scriptoribus
809 1712 939 1786 tamen,
965 1702 1122 1792 exempla
1142 1711 1271 1769 sectan-

90 1827 93 1830 ·
159 1806 246 1873 tibus
267 1805 421 1893 illorum,
447 1806 506 1893 qui
530 1806 564 1872 in
586 1808 709 1876 eodem
731 1829 857 1897 genere
878 1807 1108 1888 elaborarunt,
1142 1804 1271 1896 cognoss

159 1906 301 1977 scendus
325 1916 384 1974 est.
441 1908 681 1978 Verumtamen
701 1909 869 1980 scribendi
896 1930 1023 2000 genera
1041 1908 1109 1975 alia
1129 1907 1203 1974 aliis
1230 1905 1269 1974 ad

157 2008 250 2078 hunc
272 2002 376 2077 finem
391 2011 524 2100 aptiora
535 2021 628 2092 sunt3
653 2013 797 2080 maxime
809 2013 993 2102 pleraeque
1009 2032 1132 2102 prosae
1148 2011 1273 2076 oratio-

160 2113 209 2180 nis
224 2112 373 2192 formae;
401 2121 475 2181 tum
495 2116 608 2203 poesis
630 2115 708 2200 illa,
734 2137 821 2203 quae
845 2136 1060 2183 communem
1078 2112 1183 2180 vitam
1197 2113 1273 2180 imi-

159 2225 265 2300 tatur,
288 2223 326 2283 ut
341 2215 519 2285 comoedia
537 2227 570 2285 et
591 2218 701 2286 mimi:
725 2217 959 2286 multominus
983 2223 1117 2287 caetera
1131 2234 1272 2308 poeseos

160 2340 305 2411 genera,
331 2341 475 2406 quorum
490 2321 620 2388 nullum
635 2331 700 2409 est,
727 2321 822 2409 quod
840 2343 961 2412 puram
974 2316 1182 2408 cuiusquam
1187 2342 1270 2412 gen-

160 2424 201 2490 tis
224 2423 377 2514 liugnam
404 2423 576 2513 exprimat.
634 2425 680 2492 Et
703 2425 861 2512 quoniam
890 2423 1002 2514 prima
1033 2423 1186 2490 onmium
1213 2423 1273 2491 fnit

162 2525 259 2617 epica
280 2526 410 2615 poesis,
437 2527 530 2594 cuius
553 2526 640 2594 duae
662 2527 795 2596 fuerunt
815 2527 882 2594 levi
908 2526 1099 2595 discrimine
1119 2526 1272 2607 distantes

160 2628 320 2712 familiae,
345 2650 411 2694 una
424 2630 541 2697 lonica
558 2630 711 2715 Homeri,
737 2631 842 2698 altera
854 2629 997 2699 Aeolica
1009 2625 1166 2713 Hesiodi,
1191 2651 1272 2718 qua·

162 2754 238 2798 rum
251 2730 369 2800 victrix
383 2731 498 2799 Ionica
520 2732 579 2800 diu
599 2732 655 2800 lex
671 2742 704 2800 et
727 2756 845 2801 norma
861 2732 979 2799 habita
993 2741 1042 2799 est
1061 2731 1169 2799 omnis
1188 2754 1272 2822 poc-

162 2855 251 2900 seos:
291 2854 526 2921 quaecumque
556 2835 679 2902 deinde
709 2837 796 2904 aliae
824 2835 1013 2902 exstiterunt
1035 2856 1180 2926 poeseos
1203 2836 1272 2903 for-

162 2958 257 3020 mae,
288 2958 350 3002 eae
373 2945 431 3002 aut
461 2937 593 3026 epicam
611 2947 771 3024 sequutae
790 2947 865 3006 sunt
889 2939 1024 3029 poesin,
1050 2938 1116 3006 alia
1132 2939 1178 3004 ab
1193 2939 1273 3006 alim

54 3079 58 3087 ·
162 3038 272 3129 gentis
293 3039 412 3129 lingua
433 3041 584 3107 colorem
605 3040 761 3126 trahens,
780 3049 818 3108 ut
839 3043 943 3130 lyrica
956 3041 1087 3132 poesis,
1113 3062 1203 3110 nunc
1217 3043 1273 3133 lo-

161 3164 243 3210 num
256 3140 410 3233 linguae,
435 3163 524 3210 nunc
544 3143 778 3230 Aeolensium‚
804 3167 893 3214 nunc
913 3145 1142 3228 Doriensium,
1167 3166 1274 3232 neque

60 3327 68 3335 p
162 3267 231 3314 uno
250 3244 376 3331 modo,
399 3267 471 3315 sese
487 3247 764 3332 accommodans,
790 3257 847 3315 aut
866 3258 1031 3320 certarum
1045 3247 1196 3339 gentium
1211 3249 1274 3313 lin-

163 3372 268 3441 guam
290 3358 500 3418 consectatae
522 3360 615 3434 sunt,
648 3352 800 3419 colorem
825 3354 868 3418 ab
895 3351 999 3441 epicis
1027 3351 1207 3435 (lucentes,
1239 3359 1275 3418 ut

164 3451 343 3543 tragoedia
366 3460 399 3519 et
419 3452 613 3521 bucolicum
635 3477 753 3544 genus.
812 3455 911 3521 Haec
936 3454 1166 3543 reputantibus
1196 3454 1274 3543 pla·
1332 3494 1335 3507 ·

164 3576 246 3622 num
260 3556 342 3639 erit,
367 3577 435 3642 qua
454 3555 508 3639 via
527 3557 561 3622 in
585 3556 653 3624 hac
681 3556 904 3647 disputatione
924 3555 1151 3626 incedendum
1175 3557 1227 3623 sit.

160 3680 161 3684 ¹
268 3657 450 3726 Veniamus
484 3657 529 3725 ad
562 3658 755 3727 Pindarum.
813 3659 992 3728 Verissime
1024 3659 1117 3726 bunc
1149 3669 1276 3728 veteres

166 3759 336 3832 communi
354 3761 473 3852 lingua
500 3783 597 3828 usum
621 3762 780 3830 dixerunt.
832 3762 1000 3830 Sturuium
1017 3760 1174 3851 quidem,
1207 3761 1289 3832 hoc-

166 3865 201 3931 in
224 3863 398 3933 Maittairii
421 3864 510 3931 libro
532 3886 566 3954 p.
584 3865 738 3938 xxxiv.
761 3867 808 3934 sic
825 3865 1117 3955 interpretantem,
1142 3874 1179 3932 ut
1195 3865 1275 3934 Pin-

168 3967 263 4050 dari,
288 3975 414 4056 poetae
435 3966 645 4058 temporibus
661 3969 801 4039 Persicis
815 3968 972 4056 florentis,
999 3968 1182 4037 dialectum
1194 3989 1276 4057 pro-

58 4118 61 4125 f
167 4069 257 4137 x'ime
272 4068 318 4136 ad
330 4070 588 4158 antiquissimam
604 4071 784 4138 Hellenum
804 4071 974 4162 linguam,
999 4097 1020 4138 a
1041 4094 1109 4158 qua
1128 4071 1276 4139 omnium

168 4172 303 4239 minime
325 4173 619 4242 abbrerit‘Dorica
644 4173 712 4242 sive
729 4171 891 4258 Aeolica,
933 4173 1097 4244 accedere
1132 4182 1277 4266 putaret,

34 4335 38 4342 ,
146 4274 306 4344 mirarer
319 4275 496 4367 profecto,
531 4276 558 4344 si
578 4276 688 4346 nullus
707 4276 845 4347 Pindari
865 4300 978 4347 versus
1003 4277 1048 4348 ad
1072 4299 1134 4346 nos
1154 4299 1278 4369 perve-
