2826 4904
211 293 255 355 uo
297 334 301 342 .
554 283 612 349 DE
644 281 975 347 DIFFERENTIA

161 504 166 511 ,
211 460 312 530 totins
335 458 492 528 orationis
515 455 833 543 conformationem,
878 479 966 546 qnae
986 454 1087 525 animi
1107 455 1214 526 varias
1238 454 1333 526 affe-

212 567 338 637 ctiones
360 562 486 654 prodit.

314 667 369 736 Ac
386 665 533 755 primum
553 661 647 752 quod
666 661 712 730 ad
733 664 806 755 ipsa
821 661 989 730 vocabula
1002 661 1133 748 attinet,
1159 661 1332 731 neminem

211 770 319 863 fugit,
345 770 410 836 alia
433 788 554 859 prosae
577 766 750 852 orationis,
777 766 842 832 alia
863 787 1007 854 poeseos
1023 768 1165 857 propria
1179 788 1332 833 essevo-

213 872 346 946 cabnla.
397 871 531 939 Horum
554 892 612 955 ea,
639 891 726 958 quae
748 869 792 937 ad
815 869 1141 960 poesinpertinent,
1174 869 1221 937 ob
1237 866 1329 940 hanc

212 978 322 1068 ipsam
339 996 504 1060 caussam,
531 972 625 1060 quod
646 973 679 1039 in
695 971 864 1040 communi
879 994 1033 1040 sermone
1049 994 1117 1040 non
1130 981 1203 1039 sunt
1218 972 1328 1039 usita-

214 1088 268 1168 ta,
295 1077 476 1146 admonent
499 1077 663 1143 lectorem
687 1076 743 1143 vel
763 1075 968 1160 auditorem,
993 1076 1270 1144 nonsolumrem
1285 1074 1330 1143 de

214 1204 282 1272 qua
298 1202 407 1248 senno
430 1189 493 1264 est,
518 1179 579 1245 sed
602 1179 668 1245 alia
689 1181 808 1260 etiam,
835 1194 921 1265 quae
938 1201 1017 1245 cum
1034 1203 1074 1246 ca
1094 1201 1132 1246 re
1149 1178 1328 1249 coniuncta

178 1268 184 1277 K
214 1287 279 1355 sint
296 1294 397 1373 atque
414 1292 575 1373 cognata,
597 1282 738 1372 cogitari
750 1281 886 1348 debere.
911 1282 972 1347 Est
989 1291 1103 1348 autem
1119 1279 1247 1372 duplex
1262 1280 1329 1348 ho·

212 1411 289 1457 rum
306 1387 390 1454 ratio
407 1385 661 1454 vocabulorum.
712 1385 791 1452 Alia
805 1384 893 1451 enim
906 1392 977 1450 tota
992 1394 1066 1451 snut
1078 1385 1234 1474 poeticae
1251 1406 1329 1452 ora-
1392 1473 1397 1479 ι

213 1491 330 1558 tionis:
356 1498 393 1555 nt
407 1482 580 1580 λυκάβας,
607 1510 675 1576 qno
692 1490 796 1554 verbo
812 1508 880 1553 non
893 1487 998 1554 modo
1014 1510 1158 1555 annuum
1172 1487 1329 1577 spatium,

213 1593 275 1662 sed
290 1591 457 1681 quidquid
471 1591 505 1656 in
525 1591 584 1656 tali
599 1590 760 1680 temporis
780 1598 887 1656 tractu
909 1600 1083 1679 praeterea
1101 1590 1245 1682 cogitari
1261 1611 1330 1681 po—

213 1704 293 1782 test,
326 1695 509 1777 indicatur,
541 1694 646 1761 veluti
673 1695 778 1784 longa
798 1693 951 1778 duratio,
983 1693 1167 1761 indefessus
1197 1692 1330 1761 diemm

214 1799 391 1881 decursus,
417 1819 572 1864 mensura
594 1798 775 1863 immensae
799 1797 1008 1868 aeternitatis.
1069 1797 1129 1868 Ad
1150 1796 1244 1864 idem
1266 1816 1331 1887 gc-

213 1896 281 1970 nus⁴
290 1901 417 1966 infinita
438 1900 537 1966 etiam
555 1901 818 1990 compositorum
840 1899 1024 1967 multitudo
1045 1900 1200 1990 pertinet.
1252 1900 1331 1969 Alia

213 2004 360 2072 formam
379 2000 611 2069 tantummodo
633 2003 734 2068 aliam
756 2003 790 2069 in
804 2002 918 2091 poesi,
945 2025 1046 2089 qnam
1067 2004 1102 2070 in
1127 2025 1231 2093 prosa
1252 2024 1331 2070 ora-

213 2108 323 2190 tione,
351 2106 540 2193 accipinnt‚
566 2127 652 2191 qnae
669 2104 780 2173 forma
800 2125 890 2171 nunc
904 2105 1033 2193 aliquid
1048 2107 1093 2172 ad
1113 2108 1182 2173 vim
1199 2106 1330 2197 siguifi-

213 2209 352 2280 cationis
378 2207 528 2292 confert,
555 2230 643 2276 nunc
667 2207 944 2299 significationem
965 2207 1103 2296 quidem
1124 2231 1194 2278 non
1213 2218 1330 2294 mutat,

213 2312 275 2380 sed
293 2323 423 2395 tamen,
449 2310 609 2398 quoniam
631 2309 675 2376 ad
696 2311 803 2377 solam
827 2311 946 2401 poesin
964 2311 1156 2399 adhibetur,
1183 2312 1330 2383 animum

214 2415 336 2500 adea,
363 2413 499 2502 quaein
521 2413 613 2480 omni
625 2404 773 2481 oratione
788 2412 833 2482 ad
850 2413 1082 2504 pulcritudinis
1102 2436 1235 2484 sensnm
1252 2415 1347 2505 apta'

214 2519 294 2603 sint,
328 2518 421 2584 iubet
443 2516 627 2584 advertere.
685 2518 717 2584 Ε
736 2517 841 2606 priori
864 2539 990 2606 genere
1011 2518 1141 2585 fonnae
1170 2527 1255 2586 sunt·
1271 2540 1330 2585 an-

212 2621 373 2708 tiquiores
390 2628 424 2685 et
436 2620 589 2712 rariores,
614 2619 734 2706 quibus
755 2621 809 2686 vel
827 2628 970 2686 vetustas
984 2622 1039 2688 vel
1061 2622 1236 2690 insolentia
1249 2645 1329 2714 gra-

213 2723 350 2791 vitatem
366 2721 515 2808 aliquam
534 2743 574 2788 ac
596 2720 794 2811 dignitatem
814 2720 917 2788 addit.

400 2877 405 2888 ·
436 2838 510 2907 Olli
534 2839 724 2931 respondet
747 2862 814 2907 rex
842 2840 950 2909 Albai
972 2841 1106 2935 longui.

214 2959 262 3031 Et
282 2958 376 3050 apud
400 2959 551 3027 Graecos
572 2969 691 3049 poetas
717 2959 850 3028 dialecti
873 2964 1031 3047 mutatio,
1064 2973 1102 3030 nt
1124 2957 1275 3036 Ἀθάνα
1296 2954 1338 3030 ἰιιΙ

91 3120 94 3133 ,
186 3065 423 3155 tragicorum
445 3063 619 3146 trimetris,
663 3071 764 3150 atque
799 3064 935 3131 omnino
964 3064 1112 3135 Doricae
1137 3067 1277 3157 linguae
1297 3067 1330 3134 in

213 3165 392 3259 tragoedia
410 3174 443 3232 ct
457 3166 635 3234 comoedia
649 3188 736 3233 usus,
785 3167 847 3235 Est
865 3167 954 3234 enim
973 3168 1048 3257 ipso
1069 3191 1151 3237 sono
1169 3169 1330 3262 grandior
1394 3156 1403 3187 ⁴

115 3293 118 3297 ’
212 3269 302 3339 haec
325 3270 469 3339 comuni.
520 3269 579 3338 Ad
604 3271 745 3337 alterum
768 3292 874 3360 genus
896 3271 1063 3361 pertinent
1085 3273 1165 3338 illae
1188 3273 1329 3359 formae,

213 3396 302 3463 qnae
322 3373 463 3462 poeticis
486 3371 683 3440 flexionibus
703 3374 929 3458 continentur,
960 3383 997 3440 ut
1019 3367 1215 3469 δεξιτερός,
1243 3369 1329 3448 ἑλοί-

215 3499 325 3549 σασκε
340 3471 397 3563 *),
430 3498 576 3562 quorum
595 3477 723 3545 infinita
742 3475 924 3546 multitudo
941 3476 976 3545 in
996 3477 1094 3568 epico
1119 3478 1330 3549 Graecorum
1387 3542 1389 3547 ,

213 3598 368 3648 sermone
384 3577 557 3649 invenitur.

220 3805 425 3823 m

252 3946 280 4032 *)
302 3949 370 4011 Hoc
392 3952 519 4014 verbnm
536 3954 579 4014 ita
602 3963 717 4016 tantum
740 3955 966 4016 commemorari
988 3957 1099 4037 potuit,
1123 3955 1148 4016 si
1164 3955 1330 4023 communit
1382 3938 1385 3942 ⁴

215 4053 293 4115 quae
316 4046 446 4099 vocatur
473 4040 660 4100 Graecorum
689 4042 836 4101 dialectos
863 4052 1063 4122 spectaretur.
1113 4043 1219 4123 Neque
1251 4042 1330 4102 enim

213 4130 323 4179 natura
351 4141 406 4181 sua
434 4124 508 4184 istae
530 4126 693 4186 verborum
718 4126 750 4184 iu
773 4147 867 4188 acuon
896 4139 928 4188 et
949 4144 1037 4192 acnov
1059 4129 1285 4187 terminationes
1312 4146 1330 4185 a

212 4223 304 4349 lpraua
325 4207 462 4352 otrattioue
483 4209 664 4289 abhorrent,
692 4210 746 4273 aed
767 4211 881 4274 formae
903 4223 975 4276 murt
994 4214 1236 4295 frequentatione
1251 4211 1331 4275 Ionia

235 4307 339 4352 usust
354 4311 370 4351 a
386 4311 431 4357 ae.
