2826 4904
288 311 347 372 DE
368 308 588 373 eunucha
610 310 1105 413 Llnovaunlntucu1S.
1189 317 1253 379 loo

140 483 291 556 Omnino
306 483 365 572 qni
377 492 428 551 sat
442 481 541 551 multi
554 506 663 576 nuper
677 507 718 554 eo
733 485 874 556 consilio
889 484 933 552 ad
942 482 1156 566 Athenaeum
1170 505 1253 555 con-

138 589 310 674 volarunt,
335 594 374 656 ut
387 596 567 677 poetarum
580 589 783 676 testimonia,
809 589 928 678 quibus
949 589 976 656 is
997 590 1117 674 utitur,
1142 591 1254 657 metris

137 691 204 760 suis
230 692 455 774 restituerent,
488 712 650 778 quaeres
672 701 710 759 nt
738 692 773 759 in
801 691 969 760 Athenaei
991 690 1081 759 libro
1109 713 1179 758 non
1206 687 1254 759 est

137 795 277 879 ultima,
301 795 348 862 ita
364 816 407 861 ne
419 793 530 883 prima
545 793 684 882 quidem
697 803 763 879 est,
789 795 912 863 vellem
931 803 1157 886 reputassent,
1183 817 1254 863 esse

137 898 174 967 in
196 895 267 965 hoc
287 919 411 989 genere
438 889 562 982 multa,
604 889 692 984 qnae
719 897 898 966 emendare
926 919 994 965 non
1019 920 1121 988 posse
1144 897 1254 990 magis

138 999 318 1083 dedecori,
351 1023 454 1088 quam
472 1000 664 1068 emendasse
682 1000 777 1068 laudi
792 1008 886 1068 esset.
937 1001 1061 1069 Callias
1080 1001 1158 1087 iste,
1185 1021 1253 1069 non

138 1104 289 1172 diversus
319 1101 463 1170 fortasse
487 1127 507 1171 a
529 1104 661 1171 comico
692 1104 762 1171 eius
790 1103 948 1188 nominis,
987 1104 1023 1170 in
1045 1103 1161 1171 fabula
1180 1105 1253 1189 illa,

137 1229 260 1296 quam,
295 1211 333 1274 ut
353 1206 436 1273 alibi
463 1207 569 1275 refert
589 1205 801 1292 Athenaeus,
840 1207 1095 1297 grammaticam
1115 1216 1255 1299 tragoe-

137 1309 232 1377 diam
254 1309 500 1394 nominaverat,
535 1333 640 1399 quum
668 1306 819 1378 universe
846 1302 1021 1404 sperando
1049 1309 1182 1407 λῆρον,
1216 1317 1255 1376 ut

90 1407 97 1424 “
136 1411 374 1503 Aristophanis
399 1414 509 1480 verbis
531 1423 621 1503 utar,
656 1422 729 1481 tum
753 1413 893 1481 nimium
915 1413 950 1479 in
977 1413 1125 1480 versibus
1152 1435 1254 1481 exae-

137 1513 280 1604 quandis
294 1516 470 1601 artificium
485 1517 618 1584 videtur
632 1518 858 1608 perstringere
872 1515 1023 1584 voluisse.
1074 1517 1163 1583 Eam
1180 1538 1254 1583 rem

137 1620 186 1686 ita
201 1619 355 1704 institnit,
379 1629 419 1686 ut
437 1620 612 1704 muliereS,
638 1621 759 1710 quibus
780 1619 965 1687 litterarum
980 1618 1116 1686 nomina
1139 1619 1254 1708 impo-

138 1730 267 1807 suerat,
301 1723 466 1790 elementa
488 1725 619 1792 discere
640 1723 778 1791 faceret.
829 1721 950 1806 Quam
976 1719 1030 1788 his
1060 1721 1254 1789 mulieribus

137 1823 290 1892 additam
309 1824 409 1894 fuisse
423 1827 618 1918 magistram
635 1833 756 1916 putant
768 1826 982 1915 interpretes,
1007 1847 1065 1910 ea,
1091 1834 1254 1913 qnantum

136 1927 418 2018 colligerelicet,
450 1927 573 1997 harum
596 1928 661 1996 tuit
681 1930 830 2020 ipsarum
855 1929 1032 1996 mulierum
1056 1928 1112 1996 vel
1135 1927 1253 1996 ordine

134 2031 264 2122 prima,
295 2032 348 2101 vel
369 2041 449 2099 natu
473 2033 634 2119 maxima,
667 2056 755 2121 quae
776 2031 894 2122 Alpha
919 2032 1162 2100 nominabatur.
1212 2031 1254 2098 ln

133 2133 290 2224 prologo
306 2135 458 2226 singulae
479 2136 634 2205 mulieres
651 2137 777 2203 litteras
797 2156 913 2201 omnes
933 2133 1057 2201 eodem
1075 2133 1180 2199 modo
1196 2155 1253 2201 re·

136 2235 306 2317 citabant,
337 2237 384 2303 ita
410 2245 466 2318 ut,
508 2258 615 2323 quum
635 2236 774 2325 Alpha,
816 2237 910 2303 cuius
937 2235 1043 2302 verba
1080 2233 1256 2326 adscripsit

134 2333 353 2424 Athenaeus,
377 2336 480 2403 tinem
494 2336 647 2423 fecisset,
674 2337 853 2408 subiiceret
870 2337 976 2423 Beta,

238 2541 702 2564 -----
752 2488 830 2582 ἔστ’
853 2505 954 2603 ἄλφα
952 2562 984 2624 .'.
999 2507 1082 2607 βῆ-

239 2658 311 2722 τα,
343 2625 494 2727 γάμμα,
529 2633 662 2723 δέλτα,
696 2632 792 2706 droti
821 2625 917 2806 goio’
948 2659 1004 2722 at,
1043 2627 1137 2729 ζῆτ’,
1169 2626 1251 2727 ἦτα,

770 2795 771 2799 ’
852 2763 947 2824 ΤΠ

136 2879 172 2940 et
194 2893 282 2960 qnae
305 2879 495 2960 sequuntur.
545 2870 681 2940 Temae
694 2867 820 2937 horum
839 2869 1020 2938 verborum
1037 2870 1253 2961 repetitiones

138 2973 298 3043 undecim
318 2976 437 3066 plenos
453 2997 565 3043 versus
588 2974 753 3044 efficiunt:
779 2996 848 3063 quo
867 2995 1006 3051 numero
1028 2975 1131 3043 octies
1149 2998 1252 3066 repe-

137 3077 199 3144 tito
220 3077 386 3170 prologus
405 3077 558 3145 habebat
587 3076 761 3168 octoginta
783 3085 816 3144 et
832 3086 909 3145 octo
923 3079 1100 3144 trimetros.
1152 3077 1252 3162 lllud,

137 3180 256 3247 ordine
270 3179 358 3251 haee
381 3184 426 3248 ab
438 3180 574 3272 singulis
590 3178 713 3248 mv.
739 3180 934 3249 mulieribus
947 3180 1174 3270 pronunciari,
1198 3180 1253 3245 in-

137 3281 252 3350 dicare
270 3283 403 3352 videtur
419 3283 613 3352 Athenaeus
634 3277 739 3350 verbo
755 3280 1070 3375 καταστροφικῶς,
1094 3278 1188 3369 quod
1204 3291 1253 3350 est

131 3385 330 3478 paullatim
346 3385 588 3479 perveniendo
609 3384 661 3454 ad
681 3385 821 3453 exitum.
879 3383 975 3452 Male
1002 3381 1074 3453 hoc
1100 3385 1272 3455 vocabu-·

136 3488 227 3576 lum,
253 3488 348 3577 qnod
362 3491 418 3557 vix
435 3489 515 3557 alibi
529 3488 724 3580 reperietur,
749 3488 796 3555 H.
817 3487 1010 3577 Stephanus
1027 3496 1060 3555 et
1080 3490 1139 3578 qui
1154 3488 1252 3556 dein·
1384 3503 1385 3507 ’

136 3589 184 3658 de
206 3591 315 3662 lexico
340 3595 523 3684 scripsere,
564 3592 804 3684 explicuerunt.
867 3590 991 3659 Similis
1013 3591 1122 3675 lusus,
1158 3591 1251 3658 utin

134 3694 307 3786 prologo,
331 3695 434 3764 'etiam
455 3697 490 3764 in
505 3696 679 3785 colloquio
699 3693 878 3763 Vocalium
898 3702 958 3762 est.
1007 3693 1061 3762 lbi
1079 3714 1250 3782 unaquae-

134 3818 206 3886 que
231 3796 369 3867 Vocalis
396 3799 530 3868 iubetur
560 3822 636 3868 eam
658 3798 803 3864 litteram
823 3797 949 3882 solam,
983 3819 1004 3862 a
1030 3818 1097 3884 qua
1127 3818 1251 3864 nomen

133 3897 280 3987 habeat,
304 3903 546 3993 pronunciare,
571 3902 618 3968 ita
637 3909 674 3968 ut
692 3898 780 3968 haec
792 3900 943 3969 recitatio
958 3910 1089 3990 septem
1102 3900 1249 3970 versibus
1259 3903 1300 3965 18

135 4002 355 4074 absolvatur.'
390 4005 499 4075 Huius
515 4003 669 4074 canninis
683 4004 812 4094 primus
833 4026 946 4071 versus
965 4004 1039 4072 talis
1059 4013 1147 4092 erat,

291 4171 337 4232 o,
364 4169 411 4232 ει,
434 4168 478 4239 η,
504 4170 533 4232 ι,
560 4167 616 4231 ου,
644 4168 681 4231 o,
708 4169 750 4231 ω,
777 4169 816 4231 o,
842 4167 890 4221 ar,
914 4167 949 4238 η,
975 4170 1003 4231 ι,
1031 4167 1084 4213 oo.

135 4279 185 4348 Et
204 4278 349 4372 griphus
371 4280 465 4372 (nam
487 4277 532 4347 de
556 4279 690 4372 griphis
711 4278 872 4349 disserens
893 4277 981 4349 haec
1002 4280 1117 4350 scribit
1139 4279 1250 4350 Athe-
