2826 4904
454 302 502 366 in
532 268 722 368 eunuco
745 295 939 369 nineve
1191 307 1257 373 aon
1300 350 1304 363 .

136 472 278 568 μᾶλλον
311 475 441 561 omitti,
487 475 550 546 sed
579 477 638 566 qui
663 476 688 576 ἢ
714 476 760 546 ad
786 476 1072 568 comparationem
1100 473 1256 548 adhiberi

135 577 260 668 possit,
294 578 390 667 quod
410 581 611 675 nonmagis
637 581 767 650 clarum
791 591 842 651 est
860 580 994 650 adiecto
1013 581 1164 672 μᾶλλον.
1214 580 1255 648 ln

136 680 209 748 aliis
226 680 366 769 quidem
381 681 522 774 linguis,
550 692 588 750 ut
609 685 644 751 in
665 683 787 752 Latina
809 693 842 752 et
867 684 1084 768 Germanica,
1111 692 1323 774 compa-185

137 783 306 851 rationum
327 784 413 851 ratio
437 794 487 854 est
513 784 693 879 facillima,
725 786 819 876 quod
838 785 906 855 hae
925 786 1098 878 particulis
1119 793 1256 855 utuntur

136 885 386 955 similitudinem
406 887 647 976 indicantibus,
672 912 800 981 φιααι,
835 911 898 975 ao,
931 897 1054 981 atquae,
1081 889 1153 973 ulo,
1177 888 1255 975 wie,
1351 924 1353 928 Α

137 989 279 1058 alawie:
303 990 424 1079 quibus
445 991 648 1061 Gemanica
668 992 764 1059 addit
786 991 897 1077 dom,
922 991 1018 1081 quod
1038 999 1088 1059 est
1113 990 1255 1078 deinde,

137 1113 208 1182 quo
229 1091 284 1178 id,
312 1092 449 1182 quicum
470 1093 597 1183 aliquid
617 1103 850 1187 comparatur,
874 1094 937 1162 illo
959 1094 1166 1186 significatur
1187 1116 1256 1186 po·

136 1195 256 1263 sterius
281 1219 361 1263 esse.
426 1197 549 1289 Longe
578 1197 698 1265 abhis
729 1196 949 1289 comparandi
972 1196 1082 1264 modis
1112 1194 1286 1265 discedit
1381 1278 1384 1283 ¹

137 1296 274 1367 Graeca
286 1298 423 1391 lingua,
448 1321 536 1388 quae
564 1323 669 1388 quum
687 1301 853 1390 particula
868 1298 891 1397 ἢ
905 1308 1031 1386 utatur,
1057 1299 1150 1368 cuius
1164 1299 1256 1367 mul-

135 1408 192 1468 tae
208 1401 312 1486 aliae,
339 1424 467 1491 eaeque
479 1402 589 1471 variae
610 1403 868 1495 significationes
887 1412 977 1488 sunt,
1001 1401 1039 1471 id
1051 1403 1162 1493 ipsum
1179 1411 1256 1470 ante

137 1503 252 1570 omnia
294 1505 524 1593 quaerendum
557 1515 622 1591 est,
661 1529 730 1595 quo
754 1506 947 1600 significatu
973 1504 1062 1574 haec
1088 1503 1256 1597 particula

137 1608 382 1695 comparationi
408 1609 572 1677 inserviat.
632 1609 931 1693 Quemadmodum
954 1606 1023 1699 μὲν
1040 1615 1074 1674 et
1092 1600 1189 1701 μήν,
1216 1607 1256 1681 dd

138 1717 171 1776 et
196 1702 243 1805 cp*
256 1711 433 1801 paullatim
449 1711 591 1780 discerni
616 1721 821 1803 coeperunt,
847 1734 951 1800 quum
964 1709 1059 1774 initio
1076 1717 1257 1797 utrumque

136 1832 202 1894 una
221 1814 391 1902 particula
413 1815 543 1898 fuisset,
585 1808 658 1908 μήν
681 1822 715 1882 et
748 1807 813 1909 δή,
843 1814 891 1880 ita
920 1811 944 1908 ἤ
973 1810 1058 1879 nihil
1086 1809 1179 1878 aliud
1206 1818 1256 1878 est
1281 1848 1286 1864 ,ν

136 1937 238 2002 qoem
253 1912 276 2012 ἦ
284 1970 297 2003 ‚
324 1925 452 1984 mutato
469 1938 547 1985 cum
559 1915 801 2006 significatione
818 1925 968 1987 accentu.
1020 1912 1113 1984 lllud
1132 1909 1157 2011 ἦ
1171 1936 1256 2007 pro-

135 2019 211 2108 prie
236 2019 448 2111 significabat
469 2017 657 2113 profecto:

238 2133 263 2233 η’
279 2165 339 2210 νον
356 2133 519 2237 γηθήσαι
536 2138 705 2235 Πρίαμος
719 2131 911 2233 Πριάμοιό
933 2163 975 2210 νο
993 2140 1128 2218 παῖδας.

133 2273 298 2342 Manente
312 2273 383 2343 hoc
405 2273 595 2367 significatu
610 2272 644 2341 in
662 2270 978 2362 interrogationibus
995 2272 1148 2365 usurpari
1169 2273 1256 2342 inci-

134 2377 271 2468 piebat:
562 2403 565 2407 ·

240 2474 264 2576 ἦ
288 2472 336 2576 ριί
359 2474 403 2553 vd
423 2478 491 2573 μοι’
515 2507 554 2552 νι
578 2477 707 2553 πίθοιο
714 2508 729 2571 ,·

99 2684 103 2693 ,
135 2614 273 2684 Leniter
291 2614 372 2685 hine
388 2616 524 2684 deflexit
539 2615 762 2714 significatio,
788 2622 825 2683 ui
846 2614 1011 2687 indicaret
1025 2635 1073 2684 an
1086 2611 1205 2708 sotter

240 2749 356 2828 tinu'·
371 2748 474 2844 αὖτ’,
501 2748 680 2846 αἰγιόχοιο
704 2746 797 2834 Aede
816 2753 938 2841 νείιος,
972 2745 1205 2848 εἰλήλουθας

239 2855 263 2952 ἢ
294 2863 352 2929 ἵνα
380 2854 489 2953 ὕβριν
511 2859 568 2953 ἴδῃ
589 2853 860 2948 Ἀγαμέμνονος
874 2851 1070 2952 Ἀτρείδαο
1078 2881 1093 2946 ,·

136 2975 274 3044 Eodem
297 2975 402 3045 modo
425 2999 485 3043 nos
504 2977 542 3043 'in
564 2975 617 3043 his
640 2976 744 3043 tribus
767 2975 928 3066 exemplis
955 2997 1031 3043 eam
1054 2972 1257 3065 particulam

135 3088 250 3146 nostra
269 3079 362 3148 wohl
386 3080 663 3170 exprimerem,
695 3080 851 3147 intentio
880 3078 1039 3168 exemplo
1068 3077 1169 3145 etiam
1192 3099 1258 3166 per

136 3189 239 3249 elwa.
298 3183 396 3250 Haeo
417 3183 596 3249 dubitantis
615 3181 887 3271 interrogationis
914 3180 1116 3270 significatio
1137 3177 1258 3245 tradu-

135 3293 193 3355 cta
214 3293 265 3351 est
286 3283 410 3352 deinde
436 3285 536 3351 etiam
559 3281 603 3348 ad
624 3283 705 3349 alias
728 3282 908 3364 formulae,
940 3288 977 3346 ut
1007 3273 1185 3375 πότερον,
1217 3276 1256 3373 ἦ,

134 3387 195 3455 ubi
213 3387 324 3454 Latini
344 3409 408 3471 αν,
433 3408 494 3453 nos
515 3385 651 3474 longius
666 3406 687 3450 a
704 3383 843 3451 Graecis
856 3380 1052 3451 recedentes
1065 3381 1154 3450 oder
1164 3380 1252 3452 dioi-
1261 3394 1323 3458 186

133 3509 220 3558 mus.
271 3488 429 3558 Indidem
446 3489 527 3557 talia
540 3496 633 3572 sunt,
658 3495 697 3591 ut

241 3622 331 3718 ἡμὲν
346 3623 533 3700 ἀνακλῖναι
549 3617 701 3698 πνιιινόν
715 3623 842 3719 νέφος,
868 3616 929 3720 ἠδ
955 3624 1153 3709 ἐπιθεῖναι,
1278 3716 1280 3720 Α
1306 3612 1310 3616 ’
1399 3633 1401 3639 ·

134 3763 244 3832 idest
268 3762 360 3850 nive,
386 3766 468 3834 sive.
520 3765 641 3851 Neque
663 3758 745 3858 η’δέ,
771 3769 805 3828 et
831 3759 1041 3852 significans,
1067 3757 1167 3824 aliam
1189 3753 1256 3825 ha-

135 3867 197 3934 bet
219 3866 402 3958 originem
435 3867 529 3957 quod
552 3865 644 3932 initio
673 3873 745 3946 erat
764 3864 822 3932 vel
847 3864 965 3931 eiiam.
1032 3858 1256 3928 sennodum

135 3966 160 4066 ἢ
182 3990 289 4057 quum
311 3980 395 4040 esset
415 3993 464 4040 an
475 3969 589 4064 sorte,
614 3989 695 4036 mox
723 3966 824 4036 etiam
845 3966 903 4035 vel
923 3973 956 4032 et
979 3969 1043 4032 ant
1067 3961 1258 4055 significare

138 4073 274 4163 coepit,

128 4218 133 4227 x
242 4173 266 4270 ἢ
288 4169 396 4264 τεόν,
422 4203 444 4272 η
431 4174 653 4262 Αἴαντος,

134 4277 217 4369 quia
237 4277 331 4347 hoc
322 4301 433 4370 ipsum
450 4287 499 4348 est
520 4274 718 4361 dubitantis,
745 4282 779 4343 et
792 4295 886 4363 quasi
875 4273 1023 4358 semet,
1046 4276 1159 4345 utrum
1174 4218 1256 4360 hoo,

189 4381 314 4452 ileon·
338 4379 407 4453 ΟΡ
433 4382 460 4452 Ι
1024 4371 1058 4446 0
