2826 4904
203 297 265 360 166
428 291 487 352 DE
508 289 693 352 ELLlPSl
714 289 772 349 ET
792 284 1079 351 PLEONASMO

202 463 327 533 deatnr.
391 462 496 551 Atqui
515 485 553 530 re
573 485 653 530 vera
673 483 726 529 res
745 460 791 528 ita
813 459 995 551 cogitatur:
1021 463 1103 530 οἵαν
1126 449 1313 556 ποιότητα

201 565 322 638 ποδοῖν
347 564 439 654 ἔχειι
464 573 503 632 ut
522 588 627 655 quum
637 563 749 632 Latini
763 563 889 647 dicunt,
913 559 1166 653 redigentium,
1192 584 1234 630 eo
1255 569 1312 629 te-

200 668 391 736 meritatis:
423 666 517 756 quod
538 667 620 758 quid
641 676 691 735 est
711 665 804 734 aliud
825 689 929 755 quam
948 687 1015 755 quo
1044 664 1080 732 ιἰι
1106 664 1183 732 loco
1217 686 1313 756 geu-

201 771 305 855 ir'um,
338 770 390 838 ad
412 793 515 862 quem
540 770 702 864 gradum
725 764 958 837 temeritatis?
992 767 1050 835 Sic
1072 789 1134 833 nos
1158 789 1313 856 quoque:

201 872 322 941 wolrer
344 873 408 941 des
429 869 581 943 landes?
611 874 690 940 Non
712 881 761 939 est
786 882 898 939 tamen
913 871 961 939 sie
982 868 1220 960 intelligendus
1237 872 1313 940 Eu-

201 975 329 1067 ripides
348 975 382 1042 in
403 976 540 1051 Electra
563 1000 595 1043 v.
619 973 729 1042 1294.

352 1107 520 1202 Ἀχαΐδος
540 1112 601 1208 γῆς
622 1106 740 1183 οἴκαδ’
767 1110 1016 1206 εἰςπορεοέτοι,

203 1246 262 1314 sed
280 1246 329 1314 ibi
349 1243 521 1337 Ἀχαΐδος
544 1247 605 1344 γῆς
632 1247 775 1339 pertinet
797 1244 841 1312 ad
862 1244 1091 1339 εἰςπορευέτω
1099 1299 1114 1333 ,
1140 1245 1237 1334 quod
1264 1254 1314 1313 est

201 1351 383 1442 πορενέτοι
405 1351 487 1421 εἴσω
509 1346 680 1438 Ἀχαΐὸος
695 1348 756 1443 γῆς
765 1402 779 1435 ,
808 1349 939 1420 οἴκαδε.
965 1346 1054 1414 Vide
1066 1370 1154 1436 quae
1169 1347 1324 1416 Schwe-

201 1444 310 1519 belius
329 1452 438 1518 attulit
457 1476 493 1544 p.
508 1450 594 1519 166.
651 1452 739 1520 lllud
759 1474 840 1518 vero
868 1450 1010 1519 maxime
1030 1450 1177 1518 omnium
1198 1453 1313 1536 miror,

202 1552 298 1642 quod
319 1577 425 1643 quum
447 1564 498 1622 tot
524 1555 625 1623 falsas
651 1555 785 1644 ellipses
809 1554 973 1646 expulerit
992 1553 1215 1639 Schaelerus,
1239 1553 1314 1643 ipse

104 1672 108 1685 ·
201 1666 314 1724 tamen
333 1659 548 1750 participium
568 1661 677 1750 λέγων
699 1681 735 1747 p.
758 1655 843 1723 246.
866 1655 1121 1747 intelligendum
1138 1657 1314 1740 censuerit,

200 1760 261 1826 ubi
282 1761 375 1827 nulla
399 1782 533 1850 prorsus
555 1761 667 1853 ellipsi
688 1763 774 1850 opus
801 1768 867 1844 est,
906 1759 932 1827 si
953 1759 1193 1826 usitatissimam
1219 1759 1314 1826 illam

202 1864 451 1930 constructionis
464 1865 681 1931 mutationem
701 1863 871 1930 adhibeas.
922 1861 992 1930 Sed
1010 1862 1166 1929 nimirum
1180 1862 1315 1932 Brunc-

201 1964 248 2030 kii
270 1987 348 2031 eum
367 1974 468 2052 atque
488 1966 632 2033 aliorum
652 1967 758 2033 movit
771 1963 968 2052 auctoritas,
994 1965 1049 2034 cui
1065 1987 1187 2033 vereor
1205 1988 1249 2033 ne
1265 1967 1315 2034 vir

201 2066 459 2136 modestissimus
489 2091 590 2158 saepe
621 2068 761 2135 nimium
787 2068 920 2135 tribuat.
992 2067 1176 2138 Videamus
1208 2069 1315 2155 locos,

201 2191 286 2258 quos
301 2169 410 2238 affert.
462 2171 655 2263 Sophocles
671 2170 707 2238 in
718 2170 823 2240 Aiace
838 2193 868 2238 v.
884 2168 970 2237 726.

489 2380 491 2389 .
822 2304 877 2381 εἶτ
883 2303 1091 2380 ὀνείδεσιν

355 2408 515 2532 ἦρασσον
532 2411 639 2486 ἔνθεν
661 2410 817 2490 uuirdon,
845 2407 944 2489 οὔτις
965 2406 1051 2482 ἔσθ’
1072 2409 1110 2489 ὃς
1127 2409 1186 2500 οὔ,

355 2540 421 2584 τον
437 2514 507 2586 τοῦ
521 2516 698 2606 μανι-’ντος
715 2511 1003 2631 ιιοῖπιβονλτοτρῦ
1018 2515 1179 2608 secutori

355 2608 533 2736 ξυναιριον
549 2613 830 2698 ἀποκαλοῦντες,
858 2641 902 2693 ως
926 2611 989 2686 oda
1005 2610 1152 2709 οἷριιέσοι

355 2709 403 2789 ro*
416 2744 468 2813 μη
490 2714 533 2790 ου’
548 2721 715 2814 πέτροισι
730 2717 799 2798 ποῖς
813 2717 1051 2798 ιιοιταξανθεὶς
1072 2725 1211 2792 θανεῖν

137 2887 275 2959 125Ηίο
288 2908 368 2953 vero
384 2884 533 2954 verba
506 2914 550 2967 ως
569 2883 633 2960 οοίι
649 2883 794 2986 α’ρκέσοι
814 2911 882 2955 nou
900 2908 990 2955 cum
994 2890 1224 2979 praecedente
1235 2916 1316 2983 par-

201 2989 319 3079 ticipio
336 2984 622 3080 ἀποκαλοῦντες,
647 3001 684 3058 ut
706 2989 910 3059 Schaeferus
925 3001 1059 3081 putasse
1081 2992 1232 3078 videtur,
1258 2994 1316 3063 sed

146 3156 151 3161 .
204 3114 282 3160 cum
309 3092 419 3160 verbis
450 3087 681 3164 dualdrotu”
658 3090 816 3188 ηροσσον
843 3093 1014 3185 iungenda
1039 3106 1129 3163 sunt:
1172 3121 1316 3186 quorum

203 3217 308 3285 quum
336 3217 404 3262 non
436 3194 517 3262 alius
555 3195 596 3261 sit
629 3219 755 3280 sensus,
790 3221 892 3286 quam
926 3194 1158 3284 ὀνειδίζοντες
1181 3202 1316 3303 iiryor)¹

203 3297 286 3385 quid
300 3319 385 3389 opus
405 3306 454 3365 est
476 3298 522 3364 ad
539 3299 669 3391 ellipsin
684 3300 896 3393 confugere?
922 3303 1000 3407 Non
1019 3302 1085 3369 alia
1111 3310 1160 3369 est
1180 3305 1318 3413 Euripus

204 3400 260 3469 dei
272 3400 342 3469 loci
354 3401 573 3471 constructio:

357 3568 463 3670 οἱνῆξο
485 3569 519 3644 δ’
542 3565 655 3669 doddo
670 3568 805 3654 looc'
770 3601 818 3655 εις
835 3577 911 3670 ἔριν
928 3569 1055 3666 λόγων,

357 3671 459 3770 ημιΐς
482 3677 570 3767 μέν,
598 3702 642 3753 ως
660 3703 815 3748 νικωντα
832 3671 1041 3774 δεσπότην’
1024 3672 1122 3770 εμόν,

358 3773 464 3867 οἷ’,δ
492 3804 535 3858 ως
551 3805 695 3851 cuatuor

204 3949 292 4017 Nam
310 3948 392 4039 quid
414 3947 506 4018 aliud
528 3949 642 4038 priore
662 3972 759 4017 versu
782 3951 983 4035 continetur,
1017 3975 1120 4040 quam
1144 3953 1319 4050 ἐρίζοντες

206 4052 352 4142 ἔλεγονὲ
377 4052 498 4142 quibus
512 4052 621 4120 verbis
636 4053 842 4142 cogitatione
864 4055 1043 4122 substitutis
1062 4058 1176 4124 omnia
1188 4057 1320 4148 integra

204 4163 288 4222 sunt.
340 4156 384 4223 Ei
406 4157 485 4223 loco
499 4155 653 4246 geminus
670 4165 718 4222 est
739 4156 822 4222 alius
840 4157 874 4223 iu
896 4157 1017 4226 eadem
1032 4158 1171 4246 fabula,
1195 4162 1319 4249 inquo

206 4258 337 4348 ellipsin
351 4258 440 4326 male
455 4258 679 4325 adhibuerunt
694 4281 730 4348 p.
752 4257 838 4327 633.
