2826 4904
113 254 207 375 'n‘
490 303 914 393 nannaurrr

238 478 301 547 His
322 477 478 567 qnldem,
504 501 586 567 quas
605 476 767 548 hactenus
780 478 894 563 attuli,
918 476 1100 546 ratiombus
1116 475 1164 546 alc
1179 485 1256 545 tan·

137 594 208 652 tum
216 583 363 671 aliquam
376 583 446 650 vim
461 583 588 666 tribuo,
614 582 642 649 si
656 604 733 671 cum
747 582 819 649 aliis
833 582 1041 673 gravioribus
1054 580 1256 670 eompirant.

137 686 272 755 Etenim
295 707 398 773 quam
420 685 569 752 omnium
590 686 734 752 maxime
747 684 782 751 in
795 683 1018 752 Eichstaedtii
1031 683 1256 773 disputatione

115 789 385 872 desideramus,
411 787 669 877 explicationem
691 797 829 855 naturae
853 796 887 854 et
906 786 1104 855 conditionis
1118 786 1256 854 drama·

137 903 210 960 tum
230 892 597 979 comicosatyricornm,
623 890 692 958 hac
712 891 772 957 ille
791 889 925 956 firmare
947 891 1142 981 opinionem
1160 910 1256 956 suam

138 1007 173 1064 et
191 995 286 1083 quasi
305 1004 503 1082 extorquere
523 994 949 1083 assensionemtlegentibus
961 993 1117 1060 debebat.
1167 993 1258 1062 Nam

138 1101 166 1167 si
178 1099 259 1165 istae
274 1096 410 1164 fabulae
423 1119 442 1163 e
457 1097 599 1185 satyrico
615 1119 740 1187 genere
759 1097 902 1179 fuerunt,
914 1096 1045 1163 ostendi
1064 1097 1256 1185 oportebat,

138 1200 222 1290 quid
238 1199 336 1267 huius
349 1220 491 1289 poeseos
504 1199 571 1266 sive
584 1200 618 1265 in
630 1200 767 1267 fabulae
781 1199 1041 1289 compositione,
1055 1199 1131 1266 sive
1149 1201 1186 1267 in
1201 1197 1256 1266 di-

139 1305 249 1375 ctione
262 1312 296 1370 et
310 1325 464 1370 versuum
472 1302 701 1370 modulatione
714 1302 891 1393 proprium
906 1302 1029 1369 fuisset.
1056 1301 1148 1368 Illud
1166 1323 1256 1387 sane,

138 1406 234 1495 quod
248 1406 358 1496 primo
373 1407 453 1475 loco
465 1405 652 1490 nominavi,
678 1406 792 1474 lacere
808 1426 876 1472 non
894 1405 1037 1488 licebat,
1062 1404 1141 1493 quia
1162 1404 1258 1472 deest

138 1510 270 1600 integra
285 1531 327 1576 ex
340 1510 399 1576 illo
418 1530 544 1599 genere
556 1508 681 1575 fabula.
714 1509 763 1576 At
776 1531 817 1576 eo
833 1509 942 1600 magis
958 1507 1002 1576 de
1015 1508 1122 1575 altero
1138 1506 1257 1575 viden·

140 1613 222 1681 dum
245 1622 324 1679 erat.
382 1612 496 1699 Atque
517 1612 566 1677 uti
586 1611 797 1702 grammatici
819 1610 1000 1699 quamdam
1020 1611 1160 1678 trimetri
1183 1609 1258 1683 lor-

139 1705 230 1785 m'am
247 1714 421 1804 satyricam
437 1715 629 1804 appellant,
653 1714 699 1780 ita
719 1714 887 1803 aliquanto
903 1715 1001 1805 plura
1021 1722 1113 1798 sunt,
1137 1713 1257 1802 quibus

138 1818 195 1887 vel
220 1840 331 1883 versus
352 1818 485 1906 satyrici
500 1842 521 1885 a
533 1817 670 1908 tragicis
689 1826 724 1884 et
740 1817 886 1901 comicis,
911 1818 967 1885 vel
984 1819 1119 1884 omnino
1135 1817 1259 1894 dictio-

138 1921 189 1988 nis
205 1919 366 2008 satyricae
380 1941 486 2009 genns
504 1943 525 1986 a
539 1921 671 2008 tragico
689 1930 722 1989 et
737 1920 868 1988 comico
883 1920 1059 2011 discrepet.
1111 1919 1217 2004 Quod
1232 1920 1259 1993 si

86 2073 91 2083 .
139 2042 245 2114 porro
269 2022 544 2110 comicosatyrica
569 2020 721 2088 dramata
737 2047 758 2089 a
776 2023 984 2112 tragicorum
998 2024 1113 2111 satyris
1129 2023 1259 2090 diversa
1282 2077 1285 2082 .

141 2134 252 2209 erant,
286 2147 353 2213 qua
372 2124 510 2192 tandem
531 2125 566 2190 in
586 2148 623 2192 re
638 2123 728 2193 hane
744 2125 967 2193 ‹lifferentiam
981 2126 1174 2217 ponendam
1189 2127 1260 2193 exi·

85 2306 90 2314 ᾗ
142 2227 370 2298 stimabimus?
389 2228 552 2296 Vtrumne
568 2227 603 2294 in
618 2228 765 2298 dictione
781 2239 815 2296 et
829 2229 988 2315 versibus,
1014 2252 1057 2297 an
1074 2230 1108 2296 in
1121 2229 1259 2298 fabulae

140 2333 240 2402 totius
261 2330 519 2401 constitutione?
550 2332 598 2400 At
618 2331 663 2399 de
684 2330 751 2399 hac
766 2332 904 2420 quidem
917 2332 1002 2399 nihil
1014 2355 1103 2402 nunc
1120 2341 1259 2402 constat

140 2435 246 2523 Quod
259 2436 286 2503 si
302 2437 408 2502 oratio
430 2444 465 2502 et
483 2436 616 2502 numeri
632 2433 720 2502 nihil
733 2435 957 2526 suppeditant,
983 2436 1078 2525 quod
1090 2437 1260 2527 singulare

141 2550 176 2608 et
188 2540 260 2606 aliis
274 2538 463 2606 dramatum
477 2539 657 2629 generibus
668 2540 857 2606 inusitatum
869 2539 929 2623 sit,
956 2540 1040 2628 quid
1051 2538 1142 2605 aliud
1158 2561 1260 2627 quam

140 2643 350 2732 ingeniosum
380 2651 606 2710 commentum
626 2640 759 2708 fabulas
778 2643 854 2709 istas
875 2640 1162 2729 comicosatyricas
1189 2638 1260 2711 esse

141 2743 376 2814 censebimus?
401 2744 546 2809 Necesse
563 2751 612 2808 est
625 2734 739 2811 autem
760 2745 947 2812 orationem
968 2753 1003 2812 et
1024 2766 1181 2813 numeros
1204 2753 1261 2813 aut

142 2847 300 2938 proprios
322 2843 486 2933 quosdam
507 2843 629 2912 harum
649 2846 841 2914 fabularum
854 2847 965 2931 fuisse,
991 2846 1159 2935 siquidem
1175 2849 1262 2927 eluse

141 2948 237 3018 modi
263 2948 400 3015 fabulae
420 2970 581 3036 umquam
605 2951 814 3033 exstiterunt,
842 2960 900 3016 aut
918 2959 1011 3018 certe
1032 2951 1155 3018 similes
1172 2962 1212 3018 ut
1226 2953 1262 3020 ia

140 3052 350 3143 tragicorum
371 3052 504 3140 satyris,
532 3074 600 3140 qno
624 3062 716 3119 certe
741 3074 797 3118 eas
811 3050 950 3119 -fabulas
967 3052 1011 3119 ad
1023 3076 1131 3145 genus
1144 3033 1263 3143 satyii-

145 3178 223 3226 cum
241 3155 368 3224 referre
383 3155 556 3245 possimus.
591 3156 696 3243 Atqui
717 3163 872 3223 neutrum
887 3154 1011 3224 horum
1033 3167 1097 3240 est,
1124 3155 1185 3225 sed
1201 3180 1262 3227 co-
1326 3196 1329 3207 ·

143 3262 232 3327 mica
264 3259 428 3341 dictione,
462 3259 665 3347 comicisque
682 3259 855 3343 numeris,
882 3282 970 3347 quae
994 3282 1035 3329 ex
1054 3260 1120 3327 illis
1140 3259 1263 3328 fabulis

143 3363 334 3452 fragmenta
355 3362 538 3429 afferuntur
560 3360 683 3453 scripta
702 3372 785 3429 sunt
809 3394 812 3399 ·
838 3362 1070 3447 Quamobrem
1086 3363 1159 3430 aliis
1175 3364 1262 3432 dell-

145 3465 307 3534 cientibus
329 3466 531 3554 argumentis
555 3487 623 3532 non
640 3468 837 3557 vpoterimus
863 3489 932 3532 non
952 3489 1013 3532 cas
1040 3465 1183 3558 fabulas·
1203 3490 1264 3538 co·

143 3566 287 3636 moediis
310 3565 538 3633 adnumerare.
591 3567 662 3634 Sed
676 3578 824 3657 praestat
840 3568 936 3636 locos
949 3569 1040 3656 ipsos
1055 3569 1180 3638 videre.
1232 3570 1264 3639 E

142 3668 329 3760 Phrynichi
337 3668 462 3759 Satyris
476 3668 672 3738 scholiastes
685 3670 917 3761 Aristophanis
932 3669 978 3737 ad
987 3672 1142 3741 Nubes‘v.
1152 3669 1263 3742 1153.

143 3775 253 3860 affert,
271 3783 274 3786 ’
513 3822 517 3830 -
1074 3824 1077 3829 -

245 3903 433 4005 βοάσομαι
448 3903 518 4011 γοῖρ
536 3908 609 4006 ἄρα
625 3903 696 3983 τοῖν
709 3906 909 4006 ὑπέρτονον
924 3903 1028 4003 floria.

74 4084 76 4089 f
145 4045 390 4133 Scribendnm,
415 4046 499 4116 utin
517 4044 756 4137 Aristophane,
782 4045 841 4134 qui
858 4044 951 4117 hunc
964 4021 1097 4117 versum
1115 4070 1134 4115 e
1150 4046 1264 4142 Phry-

144 4149 247 4219 nicho
262 4151 411 4242 sumpsit,

180 4347 185 4367 ,
248 4280 435 4382 βοάσομαί
447 4282 486 4362 τ’
503 4283 577 4388 ἄρα
590 4278 661 4362 τοῖν
678 4282 879 4387 ὑπέρτονον
889 4281 1000 4382 doda
