2826 4904
207 316 271 379 ero
317 317 320 322 ·
385 262 387 271 ¹
434 313 780 377 onunnnsrnr
808 313 1093 378 rnroulsuo

337 481 412 560 οὔτ’
439 484 484 559 οἷν
507 483 587 580 μετ’
609 486 718 560 ἄλλον
741 479 860 582 φωνᾶς
883 483 929 556 οἷν
945 482 1071 582 τλαίην
1091 486 1194 559 ποτέ.
1307 520 1311 525 ·

207 619 308 689 Vnde
333 621 462 691 deliniri
497 614 641 714 poterit,
682 624 741 693 ubi
764 647 804 691 ea
829 621 995 712 particula
1020 620 1132 719 iterari
1165 631 1322 710 nequeat.

205 724 293 792 Sunt
311 725 412 792 etiam
432 726 516 812 aliu,
542 751 630 816 quae
649 731 696 796 ob
715 727 871 796 eamdem
894 745 1044 793 caussam
1060 725 1168 792 videri
1185 736 1324 816 possunt

205 828 439 998 plpopasprzrkm
473 829 617 900 habere:
656 841 693 902 ut
724 830 818 922 apud
850 826 1058 915 Aeschylum
1090 828 1124 895 in
1152 827 1249 921 Sept
1278 829 1321 897 ad

268 953 319 997 e.
419 981 427 998 .

744 1035 864 1131 τρέμω
885 1025 922 1102 δ’
945 1036 1115 1129 αἱματη-

334 1134 471 1254 ηόροος
499 1132 636 1234 μόρους
664 1133 754 1234 ὑπὲρ
785 1136 897 1234 φίλων

334 1234 518 1330 ὀλομένων
539 1242 695 1313 ἰδέσθαι.

205 1374 283 1443 Non
296 1374 342 1442 ibi
360 1372 545 1442 abundat'
524 1376 630 1471 οπέρ,
657 1373 718 1442 sed
730 1395 836 1462 quum
855 1370 1037 1441 dicendum
1057 1377 1144 1439 esset
1160 1380 1220 1441 aut
1235 1373 1319 1471 τρέ-

98 1483 101 1493 ’
205 1505 263 1570 μω
288 1474 379 1572 ὑπὲρ
410 1476 542 1572 φίλων,
570 1478 715 1551 ἰδέσθαι
736 1469 874 1571 μόρους
896 1471 1018 1547 αὐτῶν
1040 1470 1241 1567 ὀλομένων,
1268 1485 1320 1544 aut

206 1580 327 1675 τρέμω
349 1581 496 1652 ἰδέσθαι
514 1574 651 1676 μόρους
669 1578 781 1674 φίλων
805 1574 998 1667 ὀλομένων,
1026 1578 1196 1649 coniunxit
1218 1589 1317 1669 poeta

205 1692 403 1770 utrumque,
433 1704 554 1773 parum
581 1691 736 1751 accurata
758 1690 930 1748 structura.
962 1680 1086 1748 Similis
1113 1683 1318 1807 perturbatio

94 1866 97 1874 Ι
206 1785 468 1854 sententiarum
458 1808 493 1852 ιο
511 1785 695 1878 Sophoclis
716 1784 888 1874 Antigona
908 1805 938 1850 r.
957 1780 1069 1851 lusu.
1089 1785 1312 1854 inveniturz'

333 1919 394 1992 ναί
415 1920 489 2015 γνῷ
510 1923 658 2016 τρέφειν
676 1948 744 2017 την
767 1915 975 2013 ytdooar
951 1922 1198 2018 ησιιχωτέραν,

334 2049 401 2096 τον
418 2022 506 2096 νοῦν
524 2019 562 2093 τ’
584 2019 719 2114 οίμείνω
736 2051 809 2094 νων
833 2020 991 2118 φρενῶν,
1016 2021 1041 2118 ἤ
1060 2026 1125 2096 νῦν
1147 2025 1269 2121 φέρει·

54 2179 56 2185 ·
137 2159 314 2236 zouNam
318 2180 424 2247 quum
446 2158 572 2227 Graeci
588 2169 722 2249 praeter
741 2159 970 2228 necessitatem
991 2158 1122 2245 dicant,
1147 2185 1215 2233 τον
1233 2159 1318 2235 νοῦν

206 2257 341 2353 οίμείνω
364 2260 494 2350 τοῦδε,
534 2260 557 2352 ἢ
581 2261 645 2335 νῦν
675 2263 801 2357 φέρει,
841 2261 885 2329 de
906 2281 975 2348 quo
997 2261 1162 2351 loquendi
1185 2287 1318 2356 genere,

204 2363 301 2454 quod
315 2365 426 2454 ipsum
445 2386 583 2454 quoque
599 2389 618 2434 e
640 2366 770 2433 duabus
785 2364 1010 2434 locutionibus
1024 2366 1251 2457 compositum
1261 2376 1317 2453 est,

203 2467 300 2552 vide,
327 2490 413 2555 quos
432 2467 625 2536 Erfurdtius
640 2468 686 2535 ad
701 2467 887 2558 Sophoclis
906 2469 1022 2536 locum
1039 2492 1075 2559 p.
1097 2468 1185 2538 35⁰.
1200 2470 1317 2538 landa·

203 2570 265 2654 vit‚
297 2579 403 2661 poeta
424 2571 562 2639 indulsit
584 2571 645 2639 sibi
668 2594 732 2662 pro
755 2573 818 2638 isto
837 2572 1037 2662 pronomine
1054 2591 1181 2641 nomen
1209 2576 1315 2666 ipsum

81 2718 87 2727 -
202 2695 349 2762 ponere,
384 2695 452 2761 quo
480 2674 618 2762 quidem
640 2675 769 2796 posito,
802 2674 829 2741 si
856 2685 1011 2744 accurate
1033 2675 1130 2765 loqui
1150 2677 1315 2762 voluisset,

204 2775 252 2843 sic
267 2773 436 2844 debuisset
448 2798 613 2868 pergere,
640 2777 681 2857 ἀς
694 2803 758 2848 νον
777 2777 902 2872 φέρει,
928 2774 1027 2846 vel
999 2806 1048 2851 ων
1063 2779 1129 2851 νῦν
1152 2782 1267 2877 φέρει

303 2875 413 2945 Venio
429 2877 573 2970 denique
587 2878 631 2945 ad
645 2882 795 2968 quintam
810 2880 960 2965 classem,
986 2904 1074 2969 quae
1089 2882 1124 2948 in
1138 2881 1193 2950 his
1207 2905 1316 2950 versa·

202 2987 258 3046 tur
283 2981 471 3063 vocabulis,
504 3002 648 3070 quorum
673 2983 795 3050 tectior
819 2994 868 3049 est
892 2993 927 3051 et
951 2985 1174 3054 obscurior
1142 3007 1191 3053 vrs
1212 3008 1254 3055 ac
1273 2985 1316 3052 si-

189 3082 390 3172 gnificatio,
431 3105 533 3173 quam
573 3107 661 3172 quae
694 3086 738 3152 ab
768 3085 922 3165 omnibus
954 3087 1063 3154 statim
1102 3089 1314 3180 percipiatur.

202 3184 308 3269 Quod
327 3208 434 3278 genus
452 3186 487 3253 in
504 3187 621 3280 primis
642 3188 788 3257 cernitur
802 3189 837 3255 in
854 3192 1075 3279 quarumdam
1090 3214 1152 3261 usu
1167 3193 1314 3285 porticu·

201 3288 326 3375 lurum,
351 3298 404 3357 ut:

327 3390 463 3514 κη’δετο
476 3386 546 3490 γοῖρ
563 3389 794 3483 Δαναων,
771 3422 832 3468 οτι
846 3422 893 3490 ρο
897 3388 1179 3514 θνήσκοντας
1156 3395 1289 3528 οροίηο·

330 3520 374 3574 ως
389 3490 463 3566 δ”’
441 3521 504 3568 ονε
522 3495 576 3576 τίς
591 3524 633 3570 τε
647 3493 828 3593 δροίιιονια
842 3490 927 3569 ἰδων
939 3497 1193 3596 παλίνορσος
1169 3502 1312 3598 απέστη.

200 3628 240 3697 Ιιι
260 3630 381 3720 quibus
407 3632 569 3721 exemplis
600 3633 711 3700 nullus
741 3641 791 3700 est
818 3631 1053 3722 pleonasmus,
1085 3637 1165 3725 quia
1190 3637 1319 3706 omissis·

198 3732 417 3823 particulis
394 3727 492 3831 polet
512 3737 557 3807 τέ
561 3790 574 3823 ,
601 3746 640 3803 ut
661 3758 771 3805 sensus
789 3735 881 3804 idem
902 3747 1076 3824 maneret,
1103 3751 1137 3807 at
1151 3741 1319 3811 aliter
1263 3750 1319 3808 ta

198 3859 279 3905 men
295 3838 506 3906 conformata
523 3846 607 3905 esset
630 3839 699 3908 eius
714 3840 888 3931 expositio.
914 3841 1005 3910 Vere
1026 3843 1217 3915 abundaret
1235 3866 1315 3938 par-
1296 3870 1321 3894 -·

198 3937 302 4009 ticula
323 3968 365 4014 τε
358 3940 481 4009 'Iliad
504 3941 563 4009 xl.
578 3939 664 4009 437.

325 4069 447 4149 πάντα
487 4073 524 4150 δ
567 4071 643 4151 duo*
673 4077 836 4176 πλευραῖν
878 4073 970 4178 χρέα
1010 4082 1191 4178 ἔργαθεν,
1230 4078 1320 4160 oddo*

939 4212 963 4256 τ
1003 4211 1109 4259 εασεν

325 4276 473 4365 ,uastat
483 4277 669 4382 Ἀθηναίη
687 4276 918 4380 μιχθήμεναι
933 4287 1056 4382 ἔγκασι
1071 4282 1214 4386 porti&
