2826 4904
209 293 279 376 ¹110
361 340 366 351 .
572 287 629 349 oa
651 284 982 349 nmrununrrn

216 486 302 553 qne,
341 471 380 530 ut
409 462 506 532 simul
539 461 640 530 aliam
675 461 840 553 figuram,
880 482 968 548 quae
995 481 1122 552 gnome
1151 470 1202 530 est
1232 483 1332 535 corn-

214 569 414 659 plectantur.

165 666 208 726 29
317 668 415 753 Quae
433 668 595 735 hactenus
612 665 656 734 de
671 666 788 758 figuris
805 665 896 734 dicta
917 676 1008 749 snrrt,
1034 665 1119 732 nihil
1142 690 1212 735 esse
1236 667 1333 734 aliud

215 772 324 855 volni,
354 771 416 837 nisi
434 773 572 840 brevem
588 769 687 837 huius
701 770 769 839 loci
783 769 1083 859 adumbrationem,
1110 792 1151 837 ex
1166 794 1234 859 qna
1249 793 1333 862 per-

215 874 300 965 spici
321 884 457 964 posset‚
485 874 529 941 ad
552 873 645 961 quod
671 895 778 963 genus
802 895 957 961 quaeque
982 872 1111 963 figura,
1144 897 1232 961 qnae
1254 875 1331 963 qui-

216 978 386 1046 demvere
398 978 510 1069 figura
523 986 625 1059 esset,
650 976 770 1043 referri
782 975 933 1043 deberet.
983 975 1102 1044 Facile
1122 978 1211 1044 enim
1229 977 1331 1044 intel-

216 1081 279 1172 ligi
300 1090 430 1173 potest,
455 1082 622 1164 intanto,
649 1080 707 1167 qui
725 1082 768 1146 ab
791 1078 966 1146 rhetoricis
978 1078 1128 1147 inventus
1142 1089 1208 1164 est,
1238 1081 1332 1171 lign-

216 1208 331 1253 rarum
355 1207 495 1252 numero
518 1183 638 1250 multas
664 1205 751 1267 esse,
785 1205 873 1270 quae
894 1181 939 1248 ad
960 1204 1064 1249 unum
1083 1182 1243 1271 idemque
1268 1206 1332 1275 ge-

216 1310 278 1356 nus
294 1289 476 1379 pertinent3
501 1287 640 1373 multas,
668 1309 755 1374 quae
776 1309 795 1353 e
814 1284 952 1353 diversis
966 1287 1147 1377 generibus
1160 1288 1333 1376 composi-

161 1431 170 1439 ·
218 1399 273 1458 tae
296 1392 376 1472 sint3
401 1391 522 1458 multas
545 1389 704 1478 denique,
731 1412 819 1477 quae
841 1411 883 1478 ne
899 1390 962 1455 sint
975 1389 1113 1478 quidem
1132 1390 1270 1457 omnino
1290 1389 1333 1455 fi-

217 1516 334 1586 gurae.
394 1493 466 1562 Sed
491 1493 710 1582 aperiendum
740 1502 788 1559 est
813 1515 902 1561 nunc
924 1492 968 1558 de
992 1512 1052 1576 eo,
1079 1493 1162 1581 quid
1180 1494 1237 1579 sit,
1265 1515 1333 1583 qno

217 1619 320 1688 prosa
341 1598 447 1664 oratio
463 1605 497 1663 et
510 1597 621 1687 poesis
633 1595 667 1660 in
681 1617 742 1686 usu
755 1595 941 1684 figurarum
956 1594 1123 1663 differant.
1174 1598 1229 1665 Ac
1238 1598 1334 1688 trgu-

217 1724 332 1775 rarum
345 1700 433 1768 haec
454 1701 607 1768 universe
626 1700 676 1765 vis
697 1708 760 1781 est,
786 1707 824 1765 ut
837 1698 1022 1766 orationem
1037 1699 1235 1768 alacriorem
1253 1701 1334 1768 red-

219 1804 310 1875 dant.
363 1805 477 1887 Quare
500 1826 605 1891 quum
626 1801 698 1868 lere
719 1802 812 1869 nulla
834 1803 875 1868 sit
898 1801 1027 1892 figura,
1053 1804 1135 1890 quin
1154 1804 1282 1894 pariter
1302 1805 1335 1872 in

218 1907 316 1997 poesi
337 1916 437 1994 atque
458 1907 492 1971 in
511 1906 613 1995 prosa
633 1906 785 1971 oratione
805 1916 999 1994 usurpetur,
1032 1906 1184 1973 alacritas
1206 1907 1266 1975 illa
1285 1908 1336 1976 vi·

219 2032 352 2101 gorque
386 2031 488 2103 quem
511 2008 649 2075 dictioni
671 2006 801 2074 addunt
824 2009 974 2098 figurae,
1007 2030 1072 2098 pro
1093 2009 1225 2078 diverso
1246 2033 1334 2100 poe·

218 2134 291 2180 reos
318 2121 351 2180 et
374 2134 496 2203 prosae
518 2110 674 2177 orationis
693 2110 761 2178 fine
777 2110 941 2176 diversam
963 2112 1031 2178 tim
1044 2112 1193 2186 habebit.
1246 2116 1335 2181 Nam

218 2216 253 2283 in
271 2236 373 2306 prosa
397 2214 548 2281 oratione
570 2212 624 2298 id,
651 2214 746 2306 quod
764 2222 900 2303 praeter
916 2217 1098 2282 verborum
1117 2217 1336 2307 significatio-

169 2350 172 2355 ·
218 2342 297 2387 nem
314 2318 444 2409 figurae
466 2317 635 2402 indicant,
662 2317 708 2384 ad
732 2317 979 2408 cognitionem,
1009 2318 1043 2384 in
1055 2320 1154 2408 poesi
1167 2320 1212 2386 ad
1236 2321 1337 2387 animi

157 2463 160 2470 ·
219 2422 482 2490 oblectationem
502 2421 797 2490 accommodatum
824 2421 895 2487 erit.
947 2421 1065 2510 ltaque
1087 2423 1209 2490 eadem
1224 2425 1337 2514 figura

219 2526 247 2594 si
265 2525 299 2592 in
314 2526 457 2616 poeticis
472 2526 749 2616 cogitationibuS‚
775 2525 810 2589 in
824 2524 959 2613 poetica
976 2523 1124 2593 dictione
1142 2536 1209 2610 est,
1236 2528 1338 2594 animi

220 2651 366 2708 sensum3
392 2628 465 2694 siin
481 2628 640 2695 sententia
657 2637 690 2694 et
705 2627 855 2693 oratione
872 2648 992 2715 prosa,
1020 2630 1249 2720 cognitionem
1265 2633 1338 2697 ala-

221 2731 338 2798 critate
359 2730 512 2798 dictionis
535 2729 706 2796 adiuvabit
729 2740 830 2816 atque
858 2730 1005 2821 augebit.
1070 2732 1155 2800 Vtar
1178 2734 1337 2829 exemplo

221 2831 473 2922 synathroesmi.
523 2833 587 2900 llla
612 2832 657 2900 de
679 2831 835 2924 Oedipo,

325 2980 539 3080 στεναγμός,
560 2984 659 3110 ἄτη,
685 2979 867 3075 θάνατος,
895 2981 1066 3084 αἰσχύνη,
1093 2990 1211 3062 κακῶν

330 3085 390 3163 ὄσ’
418 3089 493 3164 ἐστὶ
517 3082 663 3163 πάντων
688 3085 858 3183 ὀνόματ,
884 3085 1026 3164 oo’deo'
1010 3087 1087 3164 oor'
1108 3087 1219 3182 αἀόα,

20 3244 598 3337 “ ΜΜΨΜ

385 3477 394 3503 Ι
758 3378 787 3454 oi
800 3376 934 3475 γάμοι,
961 3377 1093 3476 γάμοι)

324 3481 487 3578 toneat'
507 3482 621 3579 ἡμᾶς,
648 3483 708 3557 καὶ
726 3481 969 3579 φυτεύσαντας
990 3484 1099 3559 πάλιν

323 3584 444 3658 cirtica
458 3581 597 3659 ταύταν
612 3590 775 3678 σπέρμα,
801 3583 1032 3669 κααεδείξατε

323 3691 504 3785 πατέρας,
538 3683 732 3784 αδελφους,
763 3693 914 3779 παῖδας,
943 3691 1019 3785 αἷμ
1019 3683 1235 3786 ἐμφύλιον,

322 3819 486 3920 ααμφαςζ
511 3798 698 3885 γυναῖκας,
724 3794 879 3890 μητερας
895 3822 957 3881 τε,
984 3787 1133 3883 χώαόσα

325 3891 486 3986 αἶ’σχιστ
503 3901 542 3970 ἐν
558 3890 850 3994 ανθρῶαοισιν”
829 3922 916 3993 onya
931 3895 1111 3989 γίεγαεται

219 4064 338 4135 haec
328 4068 435 4158 rgitur
456 4069 568 4160 figura
590 4040 639 4134 est
658 4067 819 4150 oratoria,
854 4089 922 4134 non
952 4069 1108 4158 poetica,
1142 4068 1224 4157 quia
1242 4067 1343 4137 unice

223 4169 319 4236 adid
338 4182 484 4260 spectat,
509 4181 546 4238 ut
565 4173 746 4250 multarum
762 4193 875 4238 rernm
892 4173 1214 4241 commemoratione
1230 4173 1342 4240 malo-

220 4295 296 4341 rum
318 4276 472 4347 atrocitas
493 4275 603 4368 magis
627 4274 772 4366 intelligi
795 4275 1109 4367 comprehendique
1130 4277 1246 4369 possit.
1297 4273 1341 4343 Id
