2826 4904
129 325 183 386 llll
194 324 308 386 VERB.
324 323 428 400 Qum.
444 324 587 386 cessei
604 325 746 387 Inessa.
767 322 914 398 stou.
925 323 1118 387 luorum.
1161 325 1202 386 tl

88 518 194 586 quum
213 495 292 568 ἐπεὶ
315 495 358 568 δέ
373 521 441 593 περ
472 496 598 565 Aldina
615 494 759 581 habeat,
791 495 884 565 cuius
911 495 1091 564 lectionem
1114 494 1206 562 male

88 599 249 668 indicavit
268 599 432 684 Zeunius,
465 600 610 695 ἐπείπερ
632 601 671 673 δὲ
697 598 912 667 scribendum
937 599 1034 684 duxi,
1067 606 1105 666 ut
1127 597 1203 665 Xll

89 703 125 771 ὅ
138 701 391 773 connectendae
404 703 561 770 orationis
577 724 709 783 canssa3
734 702 859 771 deinde
879 701 932 796 τῷ
946 697 1127 796 ἀριστερῷ
1139 721 1206 790 pro

88 805 143 900 τῷ
158 805 263 899 δεξιῷ
272 831 287 897 ,·
311 815 385 872 tum
401 806 643 886 ἑπισκελίσεως
662 808 699 896 2)
716 806 893 875 ePolluce
906 826 972 895 pro
988 805 1206 882 ἐπικλίσεωςς

89 908 253 997 denique,
287 917 417 976 mutata
435 908 725 999 interpunctione,
760 908 944 977 delendum
963 906 1012 979 ἄν
1034 916 1110 974 ante
1124 906 1206 973 ulti-

81 1034 182 1079 mum
199 1011 352 1079 verbum.
391 1012 505 1100 Atque
521 1011 567 1083 ἂν
582 1021 659 1080 ante
677 1010 829 1110 ἄρχοιτο
843 1012 960 1078 abesse
972 1011 1007 1076 in
1021 1010 1099 1080 cod.
1109 1009 1204 1099 lips.

51 1120 54 1124 ’
88 1113 215 1183 notavit
238 1113 404 1198 Sturzius,
430 1115 535 1182 modo
551 1115 578 1182 is
593 1115 789 1200 indicasset,
814 1123 929 1181 utrum
944 1112 1014 1181 hoc
1028 1111 1123 1202 quod
1136 1133 1204 1203 ego

88 1216 221 1300 delevi,
248 1240 290 1284 an
305 1217 393 1285 illud
408 1219 503 1306 quod
523 1218 715 1309 praecedit,
741 1217 878 1307 quando
894 1217 998 1284 verba
1019 1214 1064 1288 niv
1078 1212 1206 1311 ἄρχοι·

87 1347 133 1393 το
150 1320 207 1397 bis
227 1321 264 1387 in
283 1319 447 1390 hocloco
463 1321 646 1411 leguntur.¹
682 1319 917 1410 Xenophontis
937 1319 1099 1387 sententia
1116 1316 1207 1387 haec

88 1431 155 1491 est:
178 1423 340 1512 quoniam
362 1423 625 1492 laudatissimum
644 1422 828 1507 habeatur,
860 1423 988 1490 sinistra
1003 1444 1140 1491 cursum
1152 1420 1206 1507 in·¹

35 1541 40 1549 '
88 1527 223 1616 cipere,
248 1527 339 1595 velle
362 1549 398 1594 se
423 1527 618 1611 ostendere,
644 1549 714 1616 quo
736 1536 839 1619 pacto
857 1526 903 1594 sd
926 1526 1073 1618 gradum
1087 1522 1206 1591 toluti-

88 1629 158 1696 lem
181 1651 286 1718 equus
302 1630 432 1698 incitari
454 1631 580 1698 sinistra
598 1630 737 1698 debeat:
769 1631 807 1698 id
828 1651 911 1697 vero
933 1629 961 1696 si
981 1628 1056 1717 quis
1077 1626 1207 1693 sinistra

89 1731 265 1818 didicerit,
298 1733 422 1802 eodem
444 1733 550 1802 modo
577 1733 695 1802 dextra
708 1731 905 1802 faciendum
924 1754 995 1800 esse
1011 1727 1207 1820 Xenophon

87 1835 265 1926 intelligit,
298 1837 426 1929 puriter
447 1860 488 1907 ac
504 1837 608 1904 nostri
623 1837 668 1904 de
686 1836 804 1904 dextra
820 1836 1053 1926 praecipiunt,
1077 1842 1116 1900 ut
1127 1830 1207 1900 inde

86 1937 135 2005 de
152 1938 282 2006 sinistra
310 1939 470 2011 concludi
497 1941 613 2032 possit.
671 1938 787 2029 Atque
807 1938 867 2011 hic
895 1936 1065 2007 observari
1093 1936 1207 2019 velim,

86 2039 192 2110 alium
220 2041 331 2113 videri
362 2044 457 2134 apud
485 2044 638 2114 Graecos
662 2044 904 2133 equitationum
919 2043 1073 2111 ordinem
1090 2039 1207 2128 luisse,

85 2152 196 2234 atque.
207 2145 301 2236 apud
323 2168 395 2214 noe.
446 2149 518 2215 Nos
535 2149 624 2215 enim
638 2155 863 2236 posteaquam
878 2145 996 2212 dextra
1011 2145 1208 2228 sinistraque

84 2246 269 2313 ueletiam
299 2247 421 2315 iterum
443 2247 561 2315 dextra
592 2248 794 2314 decussatim
821 2250 871 2313 ire
904 2267 1029 2334 equum
1056 2244 1208 2327 fecimus,

83 2369 194 2440 pausa
208 2346 317 2431 facta,
342 2348 476 2414 tolutim
491 2347 609 2415 dextra
627 2357 662 2415 ot
676 2347 819 2435 sinistra,
844 2348 901 2417 vel
920 2349 1021 2415 etiam
1037 2345 1209 2415 utiterum

85 2449 133 2518 ad
153 2448 308 2516 dextram
327 2451 558 2541 perveniatur,
589 2450 786 2519 incedimus.
837 2451 964 2521 Graeci
983 2460 1095 2517 autem
1108 2471 1209 2538 passu

86 2553 295 2644 incipiebant
315 2555 462 2638 sinistra,
496 2554 685 2642 eademque
714 2574 817 2620 manu
844 2553 969 2622 deinde
995 2551 1208 2635 decussatim,

86 2656 234 2744 denique
259 2655 395 2724 tolutim
418 2657 529 2742 ibant,
555 2667 628 2724 tum
648 2657 772 2726 eodem
797 2657 915 2725 ordine
938 2657 1055 2725 dextra
1076 2677 1208 2725 cursum

86 2760 301 2828 instituebant
327 2760 375 2852 ³).
424 2760 534 2852 Igitur
557 2760 768 2853 Xenophon,
803 2761 979 2851 quomodo
1007 2760 1143 2829 tolutim
1167 2757 1209 2826 iri

129 3132 166 3212 2)
190 3124 375 3214 Scripseram
388 3121 502 3214 ubique
517 3133 720 3218 ἔπισκέλησις,
738 3146 776 3197 nt
800 3146 846 3198 est
864 3138 945 3218 apud
962 3138 1125 3198 Pollucem.
1168 3132 1209 3194 rit

88 3227 122 3279 et
145 3217 282 3296 analogia
307 3228 338 3278 et
360 3228 503 3299 corrupta
518 3222 729 3302 Xenophontis
749 3223 898 3302 scriptura
914 3222 1042 3297 docent,
1068 3220 1209 3280 scriben-

88 3303 163 3363 dum
182 3322 247 3364 esse
261 3303 456 3399 truncemus,
479 3314 569 3385 atque
581 3306 626 3366 its
644 3307 794 3368 dederunt
812 3307 943 3367 editores
955 3305 1103 3372 nonnulli.

133 3477 165 3544 3)
186 3472 223 3532 Id
246 3472 320 3533 mihi
342 3475 470 3536 ridebsr
491 3476 633 3554 colligere
654 3496 693 3536 ex
717 3475 775 3554 iis,
798 3475 939 3555 qusshic
952 3476 1088 3558 praecipi
1111 3497 1128 3535 a
1146 3476 1208 3534 Xe·

88 3557 244 3638 nophonte
259 3559 412 3638 putabam.
452 3562 494 3621 At
514 3583 578 3622 eam
602 3563 879 3642 interpretationem
903 3563 994 3623 hodie
1018 3584 1078 3622 non
1098 3559 1207 3641 probo,

88 3653 127 3701 ut
147 3656 218 3702 mox
239 3646 406 3706 ostendam.
458 3648 558 3722 Quum
578 3648 615 3708 ab
641 3648 727 3707 laeva
752 3648 847 3728 incipi
869 3648 976 3710 decere
1003 3647 1078 3705 dicit
1100 3647 1209 3702 Xeno·
1254 3712 1263 3728 „

89 3726 192 3808 phbn,
212 3729 384 3808 ambiguum
399 3740 463 3806 est,
486 3743 590 3792 utrum
608 3733 649 3792 id.
664 3733 816 3792 ssd-solum
832 3735 957 3812 gradum
977 3731 1149 3800 tolutilem,
1171 3727 1208 3788 dc

91 3831 154 3893 quo
175 3811 227 3873 hic
247 3815 402 3894 loquitur,
432 3839 471 3876 an
492 3818 532 3878 ad
555 3838 642 3878 omne
665 3838 757 3896 genus
781 3821 916 3878 incessus
943 3825 1070 3898 spectet.
1115 3815 1146 3870 Si
1171 3812 1210 3871 nd

91 3898 190 3958 solum
209 3900 336 3979 gradum
359 3902 528 3979 tolutilem,
563 3903 670 3963 dextra
694 3905 822 3967 fortasse
841 3923 934 3964 isaim
958 3902 1088 3981 primum
1106 3917 1209 3976 passu,

91 3983 201 4043 deinde
224 3984 404 4046 decussatim
426 3997 566 4048 currente
589 4008 668 4066 equo
688 3999 921 4068 processerunt,
950 3998 1015 4046 tum
1044 3992 1144 4042 autem
1169 3983 1209 4042 ed

90 4069 211 4129 laevum
238 4091 345 4152 gyrum
368 4072 508 4131 conversi
529 4073 648 4134 tolutim
669 4083 793 4150 egerunt
818 4093 948 4152 equum,
971 4072 1018 4130 sin
1042 4069 1137 4128 omnis
1158 4067 1208 4128 in·
1322 4080 1325 4088 '

91 4174 193 4214 cessus
214 4155 252 4214 ab
272 4158 358 4216 laeva
377 4156 515 4235 inceptus
537 4169 598 4236 est,
630 4158 773 4220 videntur
792 4159 889 4238 primu
904 4158 965 4216 duo
986 4176 1095 4232 genera
1110 4154 1207 4235 primo

90 4240 176 4298 laesa
198 4261 306 4318 manu,
336 4242 445 4303 deinde
474 4241 583 4303 ‹laxus-
607 4254 734 4324 peracta
763 4262 842 4320 esse,
872 4243 943 4303 inde
971 4251 1070 4303 autem
1102 4240 1208 4303 codem

92 4325 198 4387 ordine
218 4327 362 4390 tolutim·
