2826 4904
184 313 247 377 12⁰
430 308 547 373 Plus
570 308 607 369 ll.
637 307 693 369 DE
722 307 1044 369 lllFFERENTlA

183 487 218 554 in
242 484 400 554 membris
421 482 659 574 periodomm,
690 483 758 550 sive
779 482 814 549 in
834 482 912 572 ipsis
928 480 1076 572 periodis
1094 479 1167 550 lere
1180 482 1299 574 legiti-

183 613 240 657 ma
262 599 321 657 est.
370 588 479 656 Porro
497 586 625 653 numeri
640 587 776 653 oratorii
795 586 850 653 lex
871 594 937 668 est,
967 585 1115 653 neultra
1141 586 1298 675 spiritum

184 702 219 762 et
237 693 343 760 latera
363 688 585 780 producatur:
620 712 726 777 eaque
748 689 804 755 lex
830 687 875 756 ad
900 686 1079 778 periodos,
1112 710 1299 778 earumque

184 797 336 862 membra
355 802 495 883 spectat.
555 792 593 859 lu
619 794 716 882 poesi
742 791 864 859 eadem
890 814 987 875 sane,
1027 789 1088 857 sed
1111 801 1241 859 tantum
1263 795 1299 859 in

184 920 339 966 versuum
358 895 585 987 longitudine,
612 918 680 962 non
703 896 802 962 ctiam
821 896 857 961 in
870 894 1158 984 complexionibus
1171 897 1298 965 verbo-

184 1023 279 1084 rum,
305 1001 361 1068 lex
377 1009 435 1066 est.
485 998 640 1086 Denique
665 1020 742 1067 usus
766 1008 800 1065 et
822 999 857 1066 in
877 998 1029 1065 oratoriis
1049 999 1193 1064 numeris
1208 1009 1242 1067 et
1262 1001 1299 1066 in

182 1103 343 1194 poeticis,
368 1124 437 1169 nou
457 1102 518 1170 ille
541 1101 679 1190 quidem
699 1111 845 1186 temere,
871 1100 932 1167 sed
954 1101 1000 1167 ob
1024 1100 1172 1188 aliquam
1190 1103 1299 1169 virtu-

182 1216 253 1275 tem
276 1227 506 1289 numerorum,
532 1215 639 1272 certas
661 1203 825 1293 quasdam
846 1202 1107 1279 ¹consuetudines
1131 1205 1298 1272 stabilivit

183 1310 238 1377 De
260 1332 328 1397 qua
350 1332 388 1377 re
419 1309 453 1373 in
476 1308 627 1374 oratoriis
652 1307 798 1375 numeris
823 1309 1030 1399 perobscura
1062 1309 1216 1395 quaestio
1240 1317 1300 1392 est,

184 1413 395 1500 maximeque
415 1410 568 1502 indigens
591 1410 685 1479 vivae
708 1420 809 1500 atque
832 1413 867 1477 in
881 1433 940 1478 ore
952 1410 1129 1477 hominum
1141 1411 1301 1478 versantis

183 1515 331 1607 linguae.
390 1514 556 1582 certiores
575 1515 788 1604 poeticorum
812 1523 887 1580 sunt
916 1535 1133 1581 numerorum
1156 1535 1300 1582 consue-

184 1618 325 1686 tudines.
383 1618 431 1684 Hi
466 1617 555 1684 euim
587 1617 665 1704 quia
694 1617 803 1684 multo
831 1617 995 1684 minorem
1017 1616 1162 1701 habent,
1197 1640 1301 1706 quarn

183 1744 306 1812 prosae
330 1721 486 1788 orationis
507 1720 652 1810 numeri,
686 1720 896 1806 varietatem,
923 1742 1066 1808 eamque
1085 1720 1195 1810 ipsam
1209 1728 1302 1790 certa

136 1825 313 1898 12ratione
340 1825 375 1890 in
401 1823 568 1912 quaedam
607 1845 733 1914 genera
763 1824 922 1908 divisam,
965 1824 1135 1912 aliquanto
1169 1823 1302 1892 facilius

75 1938 79 1949 ’
185 1926 329 2017 poterit,
355 1927 414 2014 qui
428 1949 542 1994 aurem
563 1926 708 1995 lectione
724 1938 903 2018 poetarum
923 1926 1159 2010 adsuefecerit,
1183 1928 1303 1994 usitata

134 2076 137 2091 .
187 2030 232 2097 ab
243 2029 476 2112 insolentibuS,
502 2052 543 2096 ea
557 2052 643 2116 quae
658 2030 829 2120 potuerint
841 2032 992 2120 usurpari
1008 2031 1052 2098 ab
1071 2031 1110 2097 iis
1132 2053 1222 2117 quae
1235 2051 1302 2098 uon

185 2133 373 2225 potuerint,
400 2131 599 2200 discernere.
652 2132 757 2218 Quod
779 2133 837 2223 qui
851 2133 988 2221 feccrit,
1013 2134 1211 2224 negabitis,
1236 2156 1304 2224 pu-

185 2246 247 2322 to,
274 2234 468 2305 huiusmodi
488 2257 620 2303 versum
647 2258 668 2303 a
691 2259 828 2325 quoque
846 2237 978 2327 tragico
1003 2237 1149 2305 factum:

391 2389 457 2471 ιοίς
477 2383 657 2463 δυστοίοου
672 2388 865 2480 Κολχίδος,

186 2542 314 2611 nedum
337 2553 374 2611 ut
396 2553 538 2635 reponat
567 2568 717 2632 usquam.
769 2545 848 2612 Alia
875 2543 1070 2613 huiusmodi
1094 2548 1252 2638 exempla
1269 2547 1302 2612 in

188 2645 286 2714 chori
302 2647 466 2733 camnine,
493 2647 588 2735 quod
603 2656 652 2715 est
672 2647 890 2738 inEuripidis
912 2647 1032 2718 Oreste
1047 2672 1078 2715 v.
1101 2647 1188 2716 31⁰.
1210 2672 1300 2737 seqq.

187 2748 408 2837 reperiuntur.
440 2749 602 2818 Eiusdem
624 2749 755 2841 generis
777 2751 946 2838 quaedam
966 2773 1124 2821 vanuum
1148 2775 1302 2824 caesurae

188 2859 272 2918 sunt
323 2850 419 2919 Vtin
435 2851 497 2917 illo
519 2852 693 2943 Aeschyli,

393 2987 453 3060 ιιοιὶ
470 2981 544 3083 μήν
563 2987 681 3086 φίλοις
698 2985 849 3073 &leucade
866 2991 1005 3091 ιίςοροίν
1021 2984 1098 3086 ἑγοί.

188 3121 318 3193 etiamsi
339 3124 387 3193 ita
406 3125 560 3217 legatur,

393 3261 454 3335 ιιοί
467 3255 542 3359 μήν
564 3260 682 3360 φίλοις
700 3259 832 3347 dicende
849 3265 989 3362 εἰςοροῖν
1006 3259 1087 3358 ἐγώ,

188 3396 251 3465 erit
269 3406 383 3466 tamen
406 3398 501 3488 quod
514 3400 668 3469 usitatam
684 3423 856 3471 caesuram
877 3425 947 3475 esse
963 3403 1155 3495 neglectam
1168 3399 1302 3469 mireris.

188 3499 325 3587 Quanto
343 3502 430 3569 enim
451 3503 637 3596 elegantius
652 3507 846 3597 scripsisset,

393 3639 453 3712 ιιοιί
465 3633 539 3738 qu
556 3636 688 3724 ilatudc
706 3642 845 3739 εἰςοροῖν
862 3640 980 3737 φίλοις
995 3635 1074 3736 ἑγοί.

188 3773 259 3844 Gur
309 3798 393 3868 ergo
441 3799 510 3844 non
561 3776 633 3848 hoc
676 3778 895 3869 reponimus?
960 3779 1099 3848 Scilicet
1146 3787 1305 3868 praeten-

188 3878 279 3947 ditur
320 3901 474 3967 caesura,
517 3903 604 3969 quae
648 3892 788 3952 vocatur
843 3876 1112 3979 ἑφθημιμορής,
1162 3882 1305 3948 multum

187 3981 262 4068 illa,
296 3992 333 4050 ut
360 3992 498 4074 putant,
532 3986 662 4052 usitata.
714 3985 818 4074 Atqui
850 3987 878 4053 si
914 3985 1002 4053 haec
1029 4007 1167 4056 caesura
1191 4007 1237 4052 ne
1259 3989 1306 4051 est

187 4084 328 4172 quidem
343 4087 479 4154 omnino
503 4109 656 4173 caesura,
689 4088 772 4178 quid
797 4088 895 4156 tum?
936 4088 1108 4178 Equidem
1130 4097 1223 4157 certe
1236 4090 1306 4155 Ae-

189 4187 361 4276 schylum,
400 4213 504 4279 quum
553 4200 669 4280 posset
707 4193 895 4283 legitimam
931 4215 1104 4271 caesuram
1140 4191 1307 4259 levissima

190 4289 314 4360 ordinis
330 4295 512 4365 verborum
534 4295 716 4366 mutatione
735 4298 911 4388 consequi,
936 4320 1006 4365 uon
1020 4296 1163 4368 arbitror
1176 4294 1215 4363 id
1228 4314 1305 4363 eum
