2826 4904
400 123 403 128 '
464 116 511 178 lN
542 116 726 180 GRAECA
758 117 949 180 LINGVA.
1196 125 1260 188 207

145 298 222 360 sunt
243 312 359 363 omnes
377 282 530 359 eiusdem
551 292 693 382 generis.
751 292 886 360 Horum
907 291 1045 382 qnidam
1071 289 1258 362 Schaefero

145 403 345 467 structuram
367 391 495 462 habere
515 393 671 463 videntur
690 395 885 480 εοΙοοοιιιιι,
920 405 976 463 aut
998 418 1085 484 quae
1111 396 1259 486 speciem

146 506 237 570 certe
251 496 440 613 soloecismi
456 519 540 588 prae
556 520 591 566 se
608 498 704 565 ferat.
729 499 851 591 Epigr
870 499 988 568 incerti
1003 507 1127 593 poetae
1140 496 1225 566 249.

271 600 427 728 Κύ,πρι
457 626 636 713 θε”λεις”
591 661 703 714 ουτως
726 639 760 714 ἐς
782 633 899 730 κρίσιν
916 630 1131 733 ε’ρχόμεθα,··

144 769 282 840 Luolan.
297 770 340 839 Τ.
367 769 427 836 lll
453 780 489 860 Ρ.
511 765 596 836 250
623 770 841 865 ἢὲθέλεις’
823 764 892 863 syri
909 763 1017 850 eorde
1038 764 1205 864 ἐπάνειμι
1225 777 1258 854 ἐς

144 866 190 946 νύ
211 877 358 962 πλοῖον,·
390 880 423 939 et
444 893 480 961 Ρ.
502 869 588 939 265.
620 873 644 969 ἢ
671 876 806 953 ἐθέλεις
837 866 1165 1021 παταριθμρσσμαί
1187 902 1256 946 σοι.

144 976 188 1043 At
202 973 358 1043 nihilhio
378 975 566 1044 soloecismi
587 986 645 1043 est.
698 977 820 1044 Sensus
836 985 899 1042 est:
923 976 1036 1042 visne.
1073 975 1148 1066 ipse
1173 999 1257 1046 oon-

144 1077 331 1145 scendum:
354 1072 478 1145 visne?
503 1078 714 1147 enumerabo
730 1078 810 1147 tibi:
835 1078 872 1146 id
896 1087 955 1162 est,
981 1078 1012 1146 si
1031 1077 1094 1162 οἱε,
1116 1101 1255 1147 enome-

142 1178 243 1248 rabo.
294 1179 448 1269 Scriptor
467 1180 715 1272 epigrammatis
736 1205 801 1272 pro
826 1183 938 1248 futuro
954 1180 1068 1271 posuit
1088 1203 1254 1270 praesens.

143 1282 279 1350 Eodem
300 1283 405 1350 mo'do
426 1306 487 1351 nos
517 1284 705 1373 loquimur:
736 1285 841 1354 willst
857 1280 938 1353 dn?
975 1306 1015 1353 so
1039 1284 1159 1376 geben
1187 1286 1255 1354 wir

143 1407 210 1452 vor
232 1386 385 1478 gmiobt.

245 1490 398 1558 Alterum
418 1511 524 1583 genus
543 1486 699 1559 locorum
715 1492 782 1560 tale
797 1498 859 1558 est:
885 1487 1064 1576 Anacreon
1078 1487 1154 1556 ΧΠ.

269 1623 307 1697 ‘cr'
323 1651 381 1697 σοι
397 1626 516 1705 θέλεις
538 1621 674 1722 ποιήσω
683 1655 695 1716 ,·

142 1742 322 1835 Euripides
347 1743 477 1813 Phoen.
503 1743 589 1818 ⁸534.

269 1875 395 1973 βούλει
411 1874 609 1979 τράπωμαι
626 1877 714 1979 δῆθ’
739 1874 844 1962 ὁδούς
868 1879 974 1964 άλλας
990 1874 1091 1964 τινάς
1099 1910 1114 1975 5

141 2014 310 2086 Homerus
325 2015 423 2083 Iliad.
440 2019 499 2085 Vl.
517 2016 602 2084 340.

265 2147 353 2248 'dtr'
368 2150 434 2244 dyc
449 2151 514 2225 νύν
526 2151 712 2244 ἐπίμεινον
719 2205 734 2240 ,
762 2143 870 2248 α’ρήϊα
887 2142 1015 2239 τεύχεα
1038 2145 1120 2224 δύω.

139 2286 236 2356 Idem
257 2287 382 2355 XXIII.
407 2286 469 2356 71.
680 2359 682 2363 Α

268 2399 392 2480 θάπτε
407 2435 455 2501 με
470 2404 554 2480 ὅττι
569 2400 746 2501 τάχιστοι,
772 2399 885 2487 πύλας
901 2402 1033 2479 Ἀΐδαο
1057 2399 1209 2501 περήσω.

140 2544 208 2612 Ηίο
228 2544 264 2610 in
278 2544 497 2612 Anacreontis
521 2553 553 2610 et
574 2543 744 2634 Euripidis
762 2543 911 2611 versibus
934 2541 1019 2609 nihil
1040 2551 1090 2610 est
1103 2541 1253 2609 difficul-

138 2646 226 2714 tatis.
284 2648 368 2716 Sunt
397 2648 485 2716 enim
511 2645 570 2715 hic
596 2668 733 2736 qnoque
764 2646 852 2714 duae
879 2646 1074 2715 coniunctae
1102 2644 1252 2712 diversae

139 2748 340 2835 locutiones,
370 2773 455 2835 una,
480 2748 520 2821 τί
534 2776 593 2821 σοι
613 2751 732 2829 θέλεις
753 2746 903 2843 ποιῆσαί
916 2776 964 2840 με
971 2776 984 2840 ,·
1010 2742 1135 2842 βούλει
1159 2749 1247 2843 πρέ·
1256 2771 1319 2834 133

139 2850 278 2924 πεσθσιί
290 2879 338 2943 με
353 2850 460 2932 ἄλλος
474 2846 578 2932 ὁδούς
584 2877 599 2940 5
625 2852 745 2941 quibus
765 2853 915 2943 abruptis
937 2852 1093 2922 adiicitur
1111 2852 1253 2920 coniun-

139 2954 245 3024 ctivus
271 2954 499 3039 deliberantis,
526 2948 686 3051 ποιήσω,
719 2949 925 3050 τράπωμαι.
953 2955 1089 3022 Eodem
1114 2975 1251 3044 prorsus

138 3056 246 3124 modo
273 3057 399 3125 Latini·
444 3056 531 3148 qnid
571 3057 624 3124 vis
654 3051 828 3179 socienno?
868 3056 988 3124 Obiter
1016 3055 1087 3122 hoo
1116 3054 1251 3142 adiioio‚

139 3181 308 3264 caussam,
334 3183 436 3249 quaro
458 3158 584 3227 Graeci
602 3158 756 3224 dicant'
738 3182 870 3247 ιωμεν,
898 3178 1035 3240 eamne,
1068 3161 1101 3222 et
1123 3154 1251 3242 similia,

138 3283 208 3328 non
222 3256 376 3329 etiam’'
357 3289 458 3359 ιητε,
482 3263 600 3349 ἴωσιν,
628 3259 784 3327 eamdem
805 3258 1006 3328 coniunctivi
1032 3257 1251 3351 significatio-

137 3387 218 3432 nem
240 3388 325 3450 esse,
360 3358 462 3454 qutm
479 3363 587 3455 tetigi.
637 3364 727 3431 Nam
750 3361 890 3452 proprie
910 3363 1021 3455 ἴοιμεν
1047 3370 1095 3431 est
1118 3361 1252 3430 delibe-

137 3466 283 3535 rantium
303 3491 347 3535 an
366 3475 451 3536 eant
503 3467 606 3555 Atqui
622 3466 705 3556 quid
722 3488 783 3534 nos
798 3480 901 3558 a‘gere
921 3473 1093 3557 oporteat,
1120 3462 1252 3533 delibe—
1346 3497 1350 3505 ·

137 3592 212 3639 rare
232 3591 429 3662 possumus:
454 3571 511 3638 alii
535 3580 647 3638 autem
665 3570 747 3660 quid
770 3592 873 3661 agere
892 3568 1038 3638 debeant
1059 3588 1164 3657 quum
1187 3566 1251 3636 de·

136 3672 337 3760 liberamus,
360 3683 418 3743 aut
443 3698 483 3742 ea
504 3673 632 3742 frustra
660 3683 709 3741 est
734 3672 952 3758 deliberatio,
983 3680 1041 3740 aut
1063 3670 1100 3736 id
1119 3691 1250 3738 rursum

136 3778 344 3865 quaerimus,
370 3777 453 3866 quid
474 3800 535 3845 nos
556 3779 600 3844 ab
624 3777 688 3844 illis
711 3775 769 3868 agi
795 3775 944 3843 velimus.
1004 3775 1120 3858 Quare
1144 3795 1250 3861 quum

137 3901 197 3948 eos
221 3879 411 3968 hortamur,
436 3902 505 3948 non
526 3880 667 3970 amplius
689 3878 916 3964 coniunctivo,
942 3878 1002 3948 sed
1023 3886 1080 3946 aut
1101 3876 1250 3969 impera-

135 3982 228 4070 tivo,
254 3993 311 4053 aut
331 3984 481 4076 optativo
501 3984 597 4070 locus
620 3993 676 4052 est.
715 3983 786 4051 Sed
805 3982 910 4050 redeo
937 3981 983 4049 ad
1004 3981 1161 4057 omissum
1177 3987 1246 4054 ἵνα.
1317 3993 1319 3996 ’

135 4085 190 4156 Ne
206 4087 351 4157 Homeri
373 4087 511 4177 quidem
529 4109 641 4158 versus
668 4086 775 4174 aliter,
797 4108 900 4175 quam
918 4086 994 4180 ipso
1019 4085 1081 4154 illo
1106 4086 1249 4155 coniun-
