2826 4904
185 297 229 360 66
530 294 960 360 onunlnare

186 467 275 540 adeo
292 468 449 562 exiguam
469 490 539 537 non
555 431 662 538 modo
675 470 873 556 venustatis,
898 488 1015 536 verum
1033 466 1134 537 etlam
1148 465 1305 537 Graecae

185 572 323 664 l'mguae
335 594 450 642 curam
464 570 629 641 habuisse.
680 574 857 664 Numquis
871 572 1057 665 interroget
1065 569 1115 657 id,
1140 570 1236 660 quod
1251 571 1305 638 iu-

184 684 361 768 terrogare
380 674 467 743 nihil
489 674 629 745 attinet?
653 684 711 745 ant
733 678 808 766 quis
826 668 966 771 μηιρός
997 667 1032 746 δ’
1056 670 1184 755 ὁποίας
1203 673 1306 758 dicat,

185 778 280 867 quod
312 778 439 865 Graeci
464 776 619 847 homines
638 773 774 876 μηιρός
794 778 833 852 dd
851 776 958 857 ποίας
980 774 1163 845 dicebant?
1193 777 1318 844 lmmo.

186 881 294 949 omnis
306 903 420 950 versus
433 881 582 950 eiusdem
593 883 697 951 verba
710 883 870 965 continet,
886 878 1213 970 quireliquenarrat
1237 879 1308 949 llic

187 1005 294 1073 quum
316 985 428 1055 matris
445 984 619 1075 Lytiersae
643 1008 766 1054 nomen
779 985 970 1078 ignoraret,
995 991 1085 1074 apte,
1111 991 1149 1050 ut
1165 983 1200 1050 in
1215 991 1308 1073 saty-

185 1087 257 1160 rico
272 1088 430 1175 carmine,
455 1110 532 1158 eam
547 1111 621 1157 rem
636 1088 682 1157 ad
695 1088 797 1157 risum
813 1085 975 1156 traduxit:

287 1191 330 1260 V.
348 1189 385 1259 4.
409 1189 568 1280 equidem
580 1213 649 1260 non
663 1192 836 1313 intelligo,
862 1211 930 1280 quo
946 1194 1050 1279 pacto
1066 1183 1308 1282 περίπλαιτις

186 1299 245 1362 aut
257 1286 514 1390 nuntiatumve
533 1295 641 1387 possit
654 1296 804 1387 spurium
820 1292 1020 1385 significare.
1073 1287 1307 1375 Quamobrem

186 1395 401 1466 scribendum
428 1396 609 1466 existimavi
636 1396 749 1494 πατρὶ
774 1389 932 1476 nicandr
953 1387 1074 1473 νόθοι
1125 1390 1309 1461 Manifesta

185 1499 221 1568 iu
241 1497 294 1568 his
314 1499 455 1567 imitatio
477 1499 661 1594 Sophoclis
678 1511 743 1569 ιιι.
778 1497 969 1570 emendatio
985 1505 1097 1563 autem
1111 1493 1308 1564 facilitatem

99 1646 101 1659 ι
185 1600 292 1671 ΙιιΙιιι
314 1624 497 1688 summam,
523 1602 800 1693 quandoquidem
824 1599 936 1696 πατρὶ
951 1601 986 1669 in
1003 1596 1107 1670 codd.
1124 1597 1228 1666 MSS.
1221 1622 1309 1689 .per

185 1729 251 1802 πρι
264 1705 389 1775 lineola
403 1707 641 1799 suprascripta
655 1706 795 1775 indicari
810 1711 950 1777 constat
999 1703 1121 1790 Neque
1134 1700 1224 1768 enim
1238 1695 1306 1774 ιό-

185 1817 255 1888 doc
270 1809 464 1900 expulerim.
515 1812 594 1879 Non
607 1809 700 1878 idem
714 1818 782 1896 est,
807 1805 944 1883 austros
959 1808 1043 1884 παῖς
1059 1795 1184 1892 νόθος,
1210 1806 1307 1876 πλα-

187 1902 272 1989 orde
284 1908 412 2034 arnapi,
438 1911 534 2000 qnod
548 1911 593 1979 ad
609 1935 765 1981 numeros
782 1911 921 2035 quidem
939 1906 1124 1999 elegantius
1137 1905 1249 1992 foret,
1274 1916 1309 1975 et

187 2008 322 2086 ἐκείνου
336 2018 433 2102 παῖς,
457 2038 578 2134 πατρι
562 2009 742 2141 'ricorde
757 2008 878 2095 νόθος.
928 2011 1043 2079 Nam
1033 2032 1068 2076 ιι
1079 2008 1190 2094 his,
1172 2007 1308 2083 ιιιείνιι

54 2162 58 2175 1
186 2110 409 2203 nascendos,
434 2108 733 2214 ntuurocnurpa',
762 2110 875 2196 νόθος
895 2111 1097 2183 adiectivum
1113 2121 1181 2200 est,
1205 2113 1309 2180 utin·

185 2215 458 2306 utiliasintquae
471 2227 667 2309 sequuntur:
691 2217 792 2288 inhia
807 2226 930 2303 antem,
957 2213 1094 2290 ἐκείνου
1109 2220 1206 2304 παῖς,
1232 2240 1308 2288 πι-

185 2317 247 2415 τρὶ
263 2313 421 2401 ricorde
443 2315 576 2412 νόθοι,
599 2315 722 2404 ιόθις
742 2321 984 2391 substantivum
1001 2326 1067 2404 est,
1094 2326 1128 2386 et
1143 2318 1310 2409 significat

187 2421 324 2491 omnino
338 2423 499 2515 spurium,
516 2448 536 2492 a
552 2446 621 2514 quo
635 2425 804 2495 diversum
817 2433 877 2511 est,
893 2419 989 2514 quod
1005 2367 1141 2490 additur
1152 2420 1309 2493 adiectivi

185 2525 278 2619 loco,
303 2551 417 2623 πατρι
409 2522 640 2616 πλαστός,
630 2551 652 2596 ι.
677 2551 707 2597 ι.
722 2527 804 2597 huic
817 2529 989 2620 Lytiersae
1007 2522 1207 2614 suppositus.

287 2628 331 2696 V.
344 2627 402 2695 6.·
392 2652 428 2696 ιι
441 2630 584 2697 Amaldi
600 2631 792 2701 coniectura
806 2626 1089 2721 acquiescendum
1098 2634 1194 2715 puto.
1220 2617 1309 2696 Νιιι

52 2818 56 2827 ¹
186 2728 411 2800 Eiehstaedtii
434 2730 612 2818 correctio,
638 2730 772 2827 ἄρτοις
792 2738 888 2830 τρεῖς
903 2724 1216 2825 ὄνιιιιαιιθηλίιι,
1242 2753 1310 2798 ιιι

186 2832 293 2901 modo
307 2832 526 2902 vehementer
541 2834 701 2926 ambigua
719 2844 779 2922 est,
802 2859 909 2926 qaum
921 2856 989 2902 non
1005 2839 1180 2925 appareat,
1195 2841 1310 2902 utrum

186 2944 255 3007 tres
274 2958 381 3028 panes
401 2959 445 3005 an
460 2936 584 3030 singull
599 2938 751 3006 dicantur
766 2962 849 3009 onus
863 2961 933 3007 esse
950 2935 1030 3004 asini
1044 2935 1220 3020 clitellarii,
1246 2936 1308 3006 sed

187 3039 289 3108 etiam
301 3040 450 3131 ineptam
456 3062 584 3134 panmn
601 3042 742 3109 istorum
756 3037 1023 3132 magnitudinem
1036 3037 1173 3123 indicat,
1199 3062 1311 3128 quou-

185 3143 275 3229 iam,
300 3142 328 3211 si
348 3142 395 3212 ita
417 3145 515 3237 parvi
534 3153 628 3230 sunt,
653 3153 691 3214 ut
712 3145 844 3215 clitellis
861 3142 992 3235 imponi
1015 3142 1159 3232 possint,
1192 3142 1309 3232 plures

185 3255 348 3338 poterunt
358 3269 460 3337 quam
480 3256 548 3317 tres
570 3249 716 3340 ἰιιιιιίς
741 3249 791 3316 sin
805 3256 919 3316 autem
932 3245 1052 3338 paullo
1065 3244 1209 3313 maiores
1224 3257 1310 3335 sunt,

186 3370 257 3416 non
279 3360 419 3441 possunt
439 3352 576 3421 omnino
595 3352 726 3444 imponi
745 3352 890 3422 clitellis.
942 3349 1036 3434 Quid
1050 3370 1135 3441 ergo
1152 3350 1233 3417 asini
1246 3353 1310 3420 oli·

187 3452 309 3520 tellarii
327 3455 453 3522 mentio
469 3455 533 3523 tit?
559 3454 794 3539 Quamobrem
808 3455 918 3525 multo
937 3452 1151 3523 commodior
1166 3453 1310 3522 Amaldi

187 3556 355 3625 correctio
376 3563 444 3641 est,
469 3577 552 3626 onus
572 3565 718 3645 tantum,
744 3580 812 3627 uon
832 3555 1097 3652 magnitudinem
1114 3578 1241 3647 panum
1256 3559 1310 3625 in-

188 3660 314 3730 dicans.
465 3682 468 3686 ⁴

289 3760 333 3832 V.
361 3759 421 3830 lo.
447 3760 583 3858 θερίζει
602 3763 636 3831 in
659 3763 811 3859 θερίζων
833 3763 968 3834 mutavi.
1015 3758 1178 3855 Ὀγμιις
1197 3772 1311 3831 autem

187 3864 346 3961 θερίζειν
367 3887 472 3955 quum
488 3865 557 3936 dici
571 3889 639 3934 non
651 3889 752 3957 posse
763 3867 939 3936 videbatur
953 3862 1205 3950 Eichstaedtio,
1231 3867 1311 3955 quia

185 3969 428 4040 Valckenarius
452 3968 498 4036 ad
512 3968 634 4039 decem
646 3968 763 4054 idyllia
778 3967 957 4040 Theocriti
969 3988 1005 4057 p·
1023 3964 1108 4038 166.
1122 3966 1256 4036 dubitet
1270 3992 1312 4037 an

188 4069 299 4163 ὄγμος
320 4069 516 4162 simpliciter
538 4082 689 4164 segetem
715 4072 905 4162 significare
919 4083 1079 4159 nequeat,
1106 4093 1174 4139 uon
1188 4073 1311 4141 obser-

187 4173 276 4251 vavit
295 4173 459 4243 diversam
481 4198 553 4244 esse
574 4175 774 4244 Theocritei
792 4176 861 4245 loci
875 4177 1049 4261 rationem,
1071 4176 1194 4262 inquo
1211 4175 1312 4245 Mus-

187 4276 320 4370 graviur
349 4299 418 4347 non
449 4278 495 4347 de
526 4279 645 4348 ordine
675 4279 864 4376 aristarum,
907 4280 970 4350 sed
1001 4279 1046 4348 do
1076 4278 1165 4346 laeta
1194 4289 1311 4373 segete
