2826 4904
182 299 248 364 ‘aa
537 294 610 358 DE
653 294 966 358 DRAMATE

204 469 331 563 conigi
347 468 461 564 dehet,
476 470 588 560 ipsum
600 468 689 537 iliud
701 468 940 562 fragmentum,
953 466 1130 536 manifesto
1141 467 1320 560 tragicum,

205 575 325 645 docets
349 583 423 643 tum
439 573 541 640 etiarn
555 571 712 642 Bacchas
723 572 936 665 tragoediam
949 571 1127 664 lophnntis
1139 572 1242 639 fuisse
1255 573 1321 642 sci-

73 758 77 765 ,
204 700 294 748 mus:
319 699 350 746 v.
370 675 531 748 Valcken.
551 676 684 744 diatrib.
705 698 741 766 p.
757 674 816 744 16.
868 676 923 746 Ex
943 675 1070 764 Satyris
1084 673 1322 765 Eephmtidae

203 779 400 850 Athenaeus
413 802 449 871 p.
464 777 525 848 96.
543 778 582 850 G.
600 780 688 850 haec
701 778 811 865 affert,
835 778 973 869 pariter,
999 800 1040 848 ac
1054 776 1242 868 Phrynichi
1256 778 1321 846 Sa-

203 893 356 973 tyrorum
372 883 581 975 fragmenta,
606 884 729 954 comici
746 882 906 952 sermonis
919 904 1003 972 prae
1017 905 1053 950 sc
1064 879 1207 950 ferentia
1220 880 1321 948 indo·

203 986 293 1079 iamt
317 977 430 1067 πόδας
444 1013 486 1059 τε
502 989 537 1059 εἰ
548 987 625 1059 διὀι
639 981 842 1081 πριόμεκοκ
855 990 1078 1083 καταφαγεῖν
1094 977 1233 1082 sparta
1248 978 1320 1066 ὑός.

203 1087 328 1167 Versus
344 1088 476 1157 videtur
486 1089 677 1159 trochaicus
689 1112 779 1159 esser

306 1218 419 1305 πόδας
430 1221 494 1314 ἔτ’,
509 1228 544 1299 εἰ
554 1226 641 1306 δίοι,
658 1216 1320 1323 πριοίμεκοκκαταφαγεῖκἑφδοόςδός.

204 1359 359 1451 Denique
378 1359 425 1428 ad
444 1362 638 1433 Timoclem
653 1364 822 1448 venimrs,
848 1361 977 1430 ecuius
993 1359 1220 1449 Demosatyris
1234 1383 1321 1449 quae

203 1463 398 1533 Athenaeus
411 1489 448 1556 p.
464 1461 551 1534 165.
566 1465 608 1534 F.
624 1464 740 1552 affert,
765 1463 850 1533 mhil
864 1464 1002 1555 habent,
1028 1463 1123 1553 quod
1136 1487 1157 1530 a
1169 1463 1321 1535 camice-

70 1672 73 1677 ρ
203 1588 278 1637 rum
292 1568 530 1649 consuetudine
545 1569 701 1639 recedat:
864 1588 867 1595 ·

306 1699 389 1777 οὐδ’
405 1731 425 1777 ο
417 1701 613 1803 Χαβριοο
631 1697 877 1826 Κτήσιππος
855 1731 912 1776 ετι
902 1702 1004 1830 τρίς
1017 1701 1189 1826 κείρεται,

305 1809 345 1879 ἐκ
359 1812 439 1889 ταῖς
456 1809 595 1901 γυναιξί
612 1798 790 1904 λαμπρός,
816 1801 880 1878 οὐκ
894 1809 932 1880 ἐκ
950 1799 1135 1903 ἀνδράσιν.

202 1937 331 2008 Vemm
346 1963 387 2009 ex
405 1939 506 2011 huius
520 1942 634 2013 Icariis
645 1942 772 2032 Satyris
783 1965 886 2029 quem
900 1941 1015 2010 lucum
1028 1937 1224 2010 Athenaeus
1236 1961 1320 2032 pro-

202 2043 279 2111 tulit
298 2066 334 2134 p.
357 2043 442 2111 342.
468 2045 576 2130 Ais,
609 2044 737 2131 fateor,
771 2044 953 2113 dictionem
974 2067 1015 2113 ac
1037 2065 1193 2112 numeros
1215 2041 1342 2112 habetx

203 2155 303 2237 aptos
320 2145 445 2238 Satyris
459 2148 677 2240 tragicorum.
727 2146 846 2217 Verba
870 2146 965 2241 apud
976 2143 1192 2217 Athenaeum
1208 2147 1255 2215 ita
1269 2148 1320 2217 le·

201 2257 341 2347 gantur·

302 2361 371 2442 τόκ
386 2395 410 2440 τ
416 2362 640 2468 ’ίχθιιόῥροκ
656 2395 827 2462 ποταμοι
840 2365 1255 2492 ’Υπερείδηκπέρασοκ

303 2468 446 2594 σηπίαις
461 2479 638 2567 φωναῖσιν
657 2471 839 2599 ἔμφρονος
856 2465 967 2565 λόγου

302 2568 457 2666 κόμποις
470 2569 705 2697 παφλοίζοικ’
681 2574 801 2669 ηπίοις
815 2567 1028 2670 πυκκιίμασι

302 2670 609 2795 πρσςπαιδόσας
587 2702 662 2768 εχει

303 2771 492 2871 μισθωτος
503 2777 607 2877 ἄρδει
620 2772 726 2851 πεδία
739 2802 807 2850 τοιι
794 2752 1030 2859 δεδοικότος.
1134 2807 1141 2823 ²

200 2880 322 2995 Sermo
348 2905 397 2964 est
421 2897 465 2965 de
480 2897 682 2989 Hyperide,
703 2906 837 2965 oratore
850 2891 986 2989 guloso,
1010 2921 1070 2988 qm
1058 2896 1229 2989 pecunia
1242 2920 1320 2971 cor-

75 3008 79 3019 “
199 2979 323 3095 rumpi
336 3022 372 3068 se
391 3022 507 3099 passus
528 3003 579 3070 sit.
630 3000 669 3070 si
689 3001 902 3070 coniecturae
921 3001 1016 3071 locus
1036 3011 1084 3070 est
1101 3001 1135 3068 in
1150 3011 1221 3071 tam
1241 3025 1319 3074 eor·

198 3114 301 3197 rupto
317 3103 545 3247 fragmento,
535 3113 583 3172 ιιι
594 3104 702 3173 ferme
716 3103 884 3196 scripsisse
900 3103 1044 3173 arbitror
1056 3105 1268 3177 Ὶῖιιιοοίοιιιι

201 3303 206 3310 ,
245 3297 256 3315 ,,
302 3217 371 3300 τόν
388 3252 412 3297 τ
418 3216 667 3322 ἰχθυόρρουν
682 3215 855 3318 ποταμδο
864 3220 1073 3348 Υπεριίδηκ
1098 3226 1205 3327 πέρα,

304 3329 344 3408 ὃς
358 3323 498 3406 ἱππίαις
512 3333 690 3450 pauciora
704 3327 886 3453 ἕμιρροκος
899 3321 1008 3422 λόγου

302 3422 463 3520 κόμπους
477 3423 672 3523 παφλσίζοικ
684 3430 823 3549 ιηπίοις
836 3424 1070 3525 ποκκοίμασικ

303 3555 395 3626 προς
407 3556 542 3610 παιτος
554 3529 650 3624 ὅςτις
663 3558 798 3627 χροσοκ
811 3527 995 3614 ἐκδύσας
974 3560 1050 3628 εχη,

301 3624 491 3725 μισθωτος
503 3605 608 3729 ἄρδει
623 3633 730 3708 πεδία
743 3660 816 3707 τοιι
796 3626 1031 3738 δεδοικότος

199 3750 447 3838 Pisculentum‚
472 3751 594 3840 inquit,
618 3754 735 3824 traiice
757 3728 901 3823 fluvium
911 3752 1143 3845 Hyperidem,
1168 3754 1228 3843 qui
1249 3777 1319 3824 ses·

199 3855 436 3947 quipedalibus
458 3854 633 3948 pmdcntir
655 3858 814 3926 sennonis
834 3857 974 3927 vocibus
992 3858 1157 3948 ampullas
1170 3867 1319 3950 strepens

200 3969 328 4027 temere
349 3959 515 4081 stipatas
505 3980 540 4027 m
563 3961 705 4029 cuiusvis
723 3961 879 4053 gratiam,
905 3961 963 4053 qui
977 3983 1095 4030 aurum
1109 3960 1334 4048 immerserit‚'

201 4052 425 4132 mercenarius
437 4084 577 4154 campos
590 4063 745 4132 donantis
760 4063 884 4188 irrigat
935 4062 1076 4147 Ἱππίας
1092 4092 1213 4160 paruae
1226 4064 1320 4152 dicit,

199 4186 290 4252 quac
310 4159 615 4258 Aristophanes'
569 4193 716 4264 ρηματα
726 4161 859 4260 βόεια
849 4190 884 4234 m
898 4169 1002 4238 Ranis
1016 4193 1048 4239 ι.
1062 4162 1149 4237 955.
1163 4174 1228 4236 et
1213 4195 1321 4242 ιππο·

175 4261 490 4362 ,βόμοκαίίιίδιιιι
506 4293 538 4340 ι.
554 4267 641 4340 839.
682 4270 740 4341 Ad
752 4270 823 4357 ula,
850 4267 1034 4355 ἑαδόσας
1013 4300 1088 4370 ιχη,
1104 4271 1195 4341 conf.
1209 4271 1318 4342 schol.
