2826 4904
193 285 258 346 1111
547 278 605 340 DE
642 278 965 344 DIFFERENTIA

192 455 378 546 figurarum
399 452 447 520 vis
470 459 505 519 et
525 453 627 519 virtus
647 449 692 518 ad
714 451 814 519 animi
827 474 958 519 sensum
974 449 1158 535 referatur,
1184 472 1304 538 quum-

192 580 257 646 que
278 557 396 623 nonin
416 556 598 623 verborum
622 555 884 645 significatione,
911 554 972 622 sed
994 553 1029 620 in
1051 553 1200 641 quadam
1225 576 1304 621 con-

103 700 107 711 ι
191 660 394 728 formatione
424 658 524 725 totius
554 658 711 724 orationis
737 657 827 725 insite
867 658 1014 748 figuram
1036 678 1209 724 censemus
1234 679 1305 723 eam

192 786 262 831 esse
278 760 430 831 dictionis
449 761 634 844 rationem,
661 783 748 849 quae
771 769 907 850 praeter
925 760 980 843 id,
1007 758 1101 847 quod
1127 761 1305 826 verborum

190 865 379 957 significatu
408 862 689 953 comprehensum
712 873 779 947 est,
811 862 939 952 aliquid
963 861 1054 929 aliud
1076 862 1149 951 ipsa
1168 863 1307 929 confor-

191 968 337 1037 matione
362 964 518 1033 orationis
541 967 714 1056 exprimat.
773 966 873 1034 Hanc
896 965 1126 1033 definitionem
1146 965 1193 1031 ita
1210 988 1304 1034 com·

190 1080 344 1162 paratam
368 1092 437 1136 esse
461 1069 699 1151 existimamus,
733 1078 770 1135 ut
792 1070 890 1136 simul
912 1078 945 1135 et
967 1092 1025 1151 ea,
1051 1091 1136 1156 quae
1166 1068 1202 1134 in
1221 1069 1301 1135 alio·

136 1178 147 1189 “
190 1197 267 1243 rum
283 1171 528 1240 definitionibus
551 1194 630 1239 vera
650 1180 744 1255 sunt,
770 1172 959 1254 contineat,
987 1181 1020 1238 et
1039 1181 1193 1238 naturam
1214 1173 1304 1263 figu-

190 1299 303 1344 rarum
325 1275 493 1364 finemque
508 1277 609 1365 plane
625 1297 665 1343 ac
684 1276 864 1364 perspicue
879 1273 1037 1344 declaret.
1089 1273 1306 1342 Verissimum

192 1380 319 1449 scilicet
345 1387 412 1464 est,
438 1376 622 1466 quodiam
640 1387 769 1444 veteres
783 1378 1014 1461 observarunt,
1040 1376 1202 1444 recedere
1214 1378 1303 1469 figu-

192 1505 244 1549 ras
261 1506 281 1548 a
297 1480 466 1551 communi
484 1480 612 1548 ratione
634 1480 784 1549 dicendi:
810 1490 845 1547 at
860 1479 1015 1547 nimirum
1028 1478 1098 1550 hoc
1112 1502 1181 1547 nou
1196 1480 1304 1571 expli-

192 1592 326 1669 carunt,
359 1606 525 1674 quaenam
557 1591 641 1651 esset
664 1583 723 1649 illa
754 1583 937 1652 communis
963 1583 1058 1650 ratio.
1120 1585 1182 1651 Est
1213 1606 1304 1668 vero,

191 1682 293 1777 quam
309 1685 358 1754 illi
372 1709 584 1756 communem
603 1687 767 1753 rationem
782 1685 938 1754 nonsatis
956 1695 1034 1777 apte
1048 1695 1179 1768 vocant,
1206 1686 1303 1770 haec,

190 1815 259 1879 qua
274 1789 404 1877 aliquid
418 1790 464 1857 ita
478 1788 682 1882 exprimitur,
707 1800 745 1859 ut
759 1790 796 1858 id
809 1791 941 1881 ipsum,
966 1811 1077 1877 neque
1093 1789 1185 1856 aliud
1204 1813 1304 1881 prae·

189 1902 284 1961 terea
303 1892 516 1983 significetur.
577 1893 621 1960 Id
643 1901 755 1960 autem
780 1894 836 1961 vel
853 1893 1058 1982 'simpliciter
1085 1891 1160 1959 fieri
1182 1901 1303 1983 potest,

189 1996 248 2063 vel
262 2017 326 2086 per
341 2003 489 2084 tropum.
540 1995 629 2062 Nam
649 2006 766 2084 tropus
789 2019 926 2084 quoque
948 1995 1041 2065 hunc
1063 1995 1165 2062 finem
1188 1995 1303 2080 habet,

190 2106 227 2165 ut
247 2098 305 2181 id,
330 2097 422 2185 quod
443 2099 538 2165 verbi
552 2098 794 2190 significatione
808 2100 1014 2183 continetur,
1039 2119 1108 2164 nou
1132 2097 1246 2185 aliud,
1271 2101 1304 2166 in

190 2200 430 2297 cogitationem
448 2201 567 2269 veniat.
634 2201 783 2289 Quare,
802 2225 905 2291 quum
936 2212 1053 2292 tropos
1077 2224 1214 2291 quoque
1245 2203 1304 2270 ista

188 2305 273 2372 ratio
289 2305 550 2394 complectatur,
576 2305 741 2373 nonsatis
764 2305 945 2374 commode
967 2307 1152 2375 communis
1174 2307 1303 2390 dicitur,

188 2407 354 2496 siquidem
369 2407 502 2498 tropica
519 2407 622 2476 dictio
636 2431 704 2474 uon
721 2418 770 2476 est
786 2410 957 2479 communi
973 2431 1035 2475 usu
1050 2409 1302 2499 comprehensa.

188 2511 279 2580 Hinc
299 2509 400 2579 valde
426 2513 620 2579 laboramnt
644 2513 723 2578 artis
746 2513 936 2581 rhetoricae
952 2511 1108 2580 doctores
1124 2514 1159 2579 in
1182 2514 1304 2583 consti-

188 2613 316 2681 tuendo
337 2614 525 2704 figurarum
553 2624 586 2681 et
618 2623 796 2703 troporum
828 2614 1033 2687 discrimine:
1067 2616 1246 2702 quoniam,
1278 2615 1304 2682 si

188 2715 315 2806 figuras
337 2716 544 2783 acommuni
561 2717 690 2783 ratione
711 2717 847 2786 dicendi
867 2716 1029 2786 recedere
1045 2720 1302 2802 contendebant,

190 2840 230 2884 ea
248 2818 396 2886 definitio
411 2840 479 2884 nou
491 2828 625 2908 poterat
646 2841 714 2886 uon
734 2822 834 2889 etiam
856 2820 900 2887 ad
910 2830 1028 2910 tropos
1043 2831 1206 2910 spectare.
1232 2824 1302 2890 Na-

187 2930 263 2988 tura
290 2943 372 2989 vero
405 2920 592 3011 figuramm
624 2944 712 3009 quae
742 2925 800 3008 sit,
843 2933 877 2992 et
903 2924 961 3012 qui
986 2923 1077 3009 finis,
1112 2926 1303 3015 planissimo

188 3033 302 3090 nostra
330 3023 482 3091 definitio
513 3025 676 3116 designat.
738 3027 828 3093 Nam
857 3028 882 3094 si
908 3028 1168 3116 praeterxillud,
1209 3027 1303 3116 quod

188 3127 378 3218 significatu
397 3128 577 3195 verborum
599 3128 803 3216 continetur,
837 3129 966 3218 aliquid
995 3133 1185 3218 exprimunt
1211 3132 1301 3222 figu-

188 3253 263 3314 rae,
290 3240 409 3321 sponte
424 3240 536 3320 patet,
561 3230 597 3297 id
612 3254 680 3299 non
704 3255 802 3322 posse
825 3233 859 3301 in
876 3233 955 3324 ipsis
972 3234 1089 3319 rebuS,
1116 3235 1301 3323 dequibus

188 3334 307 3422 aliquis
322 3335 497 3422 loquatur,
523 3336 634 3421 cerni,
660 3336 721 3403 sed
736 3337 781 3404 ad
799 3337 900 3405 animi
921 3357 1069 3422 sensum,
1096 3359 1166 3428 quo
1188 3360 1302 3405 earum

187 3457 302 3502 rerum
323 3437 455 3503 notitias
476 3438 717 3528 percipiamus,
743 3449 896 3530 spectare
913 3439 1049 3506 debere.

289 3539 360 3606 Sed
382 3540 540 3626 quoniam
568 3543 672 3609 semel
700 3542 745 3609 de
765 3543 882 3633 figuris
908 3541 1046 3633 exponi·
1061 3550 1222 3631 coeptum
1244 3550 1302 3624 est,

189 3665 254 3734 age
272 3642 443 3710 videamus
460 3665 502 3708 au
522 3642 581 3710 hic
601 3645 697 3712 locus
713 3645 824 3733 aliqua
841 3646 958 3712 saltem
981 3667 1021 3711 ex
1034 3654 1131 3736 parte
1148 3646 1312 3731 obscuri-¹

187 3755 255 3812 tate
266 3747 343 3830 illa,
370 3768 437 3834 qua
451 3744 613 3813 hactenus
628 3749 854 3837 premebatur,
880 3748 1016 3814 liberari
1030 3749 1143 3839 possit.
1171 3748 1302 3830 Quam-

188 3871 290 3935 quam
311 3850 399 3917 euim
418 3858 451 3915 et
465 3848 591 3937 antiqui
611 3859 645 3916 et
658 3853 860 3919 recentiores
876 3851 952 3917 artis
968 3850 1157 3920 rhetoricae
1178 3850 1302 3919 docto-

187 3974 239 4017 res
254 3952 329 4020 satis
346 3953 485 4042 copiose
500 3952 545 4018 de
559 3951 680 4043 figuris
695 3954 936 4038 disseruerunt,
961 3975 1029 4020 non
1050 3964 1098 4022 est
1109 3963 1226 4024 tamen¹
1238 3954 1302 4022 mi-

147 4079 150 4085 ·
186 4076 279 4140 rum,
305 4056 350 4140 si,
376 4067 494 4122 natura
515 4055 702 4146 figurarum
723 4079 791 4124 non
811 4058 912 4147 plane
924 4067 1120 4147 perspecta,
1146 4078 1215 4123 non
1229 4067 1304 4124 sunt

135 4165 178 4226 24
188 4166 278 4224 certa
292 4157 440 4245 quadam
457 4159 511 4227 via
526 4168 560 4225 et
570 4159 698 4226 ratione
709 4159 857 4250 ingressi.
909 4161 1022 4249 Atque
1040 4161 1092 4228 1111
1107 4182 1176 4227 non
1192 4161 1302 4228 solum

187 4260 221 4325 in
252 4262 483 4330 enumerandis
513 4262 631 4355 figuris
658 4271 786 4332 temere
808 4263 929 4354 rersati
958 4273 1049 4350 sunt,
1085 4263 1145 4331 sed
1182 4264 1303 4333 multas
