2826 4904
171 348 235 411 288
269 343 326 407 DE
346 342 585 406 nlancTo
610 342 806 405 PlNDAlil
832 341 1240 440 osssnnvArlonns

171 516 410 619 memorabile,
437 509 557 589 αύοῖνα
573 517 698 609 legitur
712 515 813 607 Pyth.
826 514 870 583 ΙΙ.
882 509 943 583 52.
967 514 1029 588 111.
1044 513 1107 587 42.
1141 515 1283 583 Addam

172 620 319 710 denique
336 620 425 690 hoc:
451 619 638 711 duplicatas
662 628 895 702 consonantes,
921 641 1008 708 quae
1026 618 1061 685 iu
1081 618 1283 708 quibusdam

171 718 361 807 vocabulis,
387 731 424 790 ut
444 722 477 789 in
494 716 719 809 κελαδεννός,
745 715 921 802 stasanor,
949 715 1119 815 φαεννός,
1147 722 1281 812 origine

129 838 131 843 “
170 826 335 896 Aeolieae
363 833 455 909 sunt,
488 826 589 892 etiam
610 826 647 893 in
673 823 727 891 his
749 823 860 893 verbis
882 823 927 892 ad
954 823 1114 893 Aeolicae
1144 823 1282 915 linguae

170 951 267 997 usum
281 927 474 996 referendas
488 926 613 1011 videri,
638 927 807 1016 inquibus
829 925 922 1016 apud
944 926 1059 1017 epicos
1075 934 1133 993 aut
1150 927 1283 1017 impres

171 1032 291 1117 batae,
318 1040 376 1100 aur
390 1029 557 1098 serissime
572 1029 744 1101 adhibitae
760 1029 979 1101 inveniuntur.
1012 1029 1189 1096 Eiusmodi
1208 1038 1282 1097 sunt
1316 1098 1320 1105 ,

171 1134 324 1208 ἕσσαντο
356 1132 457 1224 Pyth.
479 1132 539 1200 lv.
569 1131 657 1204 363.
685 1137 787 1213 ἕσσαι
814 1129 901 1204 486.
935 1133 1180 1211 καθέσσαντο,
1214 1133 1285 1200 sive

172 1229 379 1315 κᾶθεσσαν,
404 1236 447 1308 V.
465 1229 527 1309 55.
542 1235 649 1309 ἕσσαν
663 1233 722 1308 01.
736 1234 795 1314 lx,
811 1233 871 1303 79.
886 1234 1025 1308 θέσσαν
1037 1234 1064 1301 Ι.
1081 1231 1167 1301 102.
1188 1235 1281 1308 θέσ-

173 1363 286 1411 σαντο
302 1339 401 1410 Nem.
417 1338 460 1406 V.
479 1335 539 1406 18.
1180 1344 1183 1349 ’

272 1440 495 1530 Persequutus
522 1461 612 1524 sum,
638 1441 780 1530 quaein
808 1438 945 1508 Pindari
971 1438 1118 1510 dialecto
1138 1440 1282 1509 maxime

171 1543 403 1611 memorabilia
426 1542 635 1616 videbantur.
703 1542 826 1613 Omnia
858 1543 1024 1634 attingere
1052 1567 1117 1613 neo
1145 1544 1281 1628 licebat,

171 1667 282 1734 neque
304 1646 429 1715 animus
454 1654 533 1713 erat
585 1645 700 1730 Quare
725 1647 753 1713 si
774 1646 848 1735 quis
875 1645 1019 1737 amplius
1043 1647 1088 1715 de
1108 1646 1161 1713 his
1182 1647 1281 1714 rebus

79 1738 82 1745 ’
171 1771 334 1836 quaerere
353 1749 464 1834 volet,
494 1748 570 1816 satis
587 1749 733 1817 inveniet
752 1749 927 1816 materiae:
950 1748 1053 1817 veluti
1073 1753 1109 1818 iu
1130 1749 1239 1817 verbis
1261 1773 1281 1818 e

170 1852 352 1942 praeterito
368 1851 480 1936 factis,
504 1859 542 1918 nt
556 1845 729 1944 γεγάκειν,
754 1844 1002 1940 κεχλάδοντας,
1026 1850 1281 1946 aemularentur,

170 1953 206 2020 in
226 1953 343 2022 formis
366 1952 620 2038 infinitivorum,
658 1953 703 2022 de
732 1955 853 2042 quibus
878 1954 1019 2049 βᾶμεν,
1052 1955 1191 2046 στᾶμεν
1203 1983 1221 2042 ,·
1249 1961 1283 2022 et

171 2056 294 2124 similes
318 2057 354 2125 iu
374 2057 553 2129 rarioribus
575 2064 667 2136 sunt3
691 2057 727 2122 in
742 2057 1030 2125 terminationibus
1052 2079 1281 2149 personarum,

170 2168 209 2226 nt
222 2157 346 2242 τίθεν,
373 2165 452 2248 ἴον,
479 2159 602 2251 ἔγνονς
628 2167 717 2227 etex
733 2159 801 2226 alio
815 2182 941 2250 genere
964 2160 1172 2249 ἐξικέσθαν,
1198 2186 1284 2257 κτη·.

172 2256 335 2354 odorico,
371 2261 689 2353 incompositorum
711 2262 930 2346 formatione,
967 2270 1004 2329 ut
1037 2256 1278 2358 βουλαφόροι,

172 2372 206 2433 et
225 2374 404 2454 quaesunt
425 2363 660 2434 huiuscemodi
678 2364 754 2438 alia.
807 2364 905 2449 Quae
928 2366 1042 2435 omnia
1055 2387 1182 2459 operae
1199 2388 1279 2456 pre-

169 2469 254 2539 tium
274 2477 323 2537 est
337 2468 517 2559 aliquando
537 2468 729 2561 diligentius
746 2468 955 2561 pertractari.¹
