2826 4904
134 267 178 330 40
368 312 372 319 .
468 266 544 328 uu
614 265 909 329 PORSEOS

135 445 272 531 putare,
293 445 330 508 et
353 434 510 509 Crassum
529 437 628 511 illum
641 435 839 535 ἀγέλαστον
865 431 1253 527 tamqnamexemplum

136 543 290 610 omnibus
312 563 507 633 proponere
526 542 618 613 velis.
651 543 788 632 ltaque
808 566 849 611 ea
867 551 998 610 tantum
1015 550 1091 609 sunt
1109 537 1253 607 ridicula

137 644 369 729 existimanda,
390 646 424 713 in
439 646 561 736 quibus
573 645 740 736 quaedam
755 645 801 713 ita
813 646 1070 736 coniunguntur,
1085 639 1253 731 quemad·

135 747 278 818 modum
288 747 448 840 coniungi
463 770 531 818 non
544 758 694 838 possunt,
714 750 796 818 licet
808 749 874 816 alia
887 750 1016 817 ratione
1029 746 1157 836 optime
1168 767 1253 815 con·

137 859 269 944 gruunt
294 850 458 919 Referam
475 852 667 944 exemplum
681 875 701 920 e
715 851 889 922 Cicerone.
914 850 1057 919 Pusillus
1070 848 1161 917 testis
1168 869 1254 937 pro·

138 953 245 1049 cessit.
284 952 398 1040 Licet,
420 954 544 1045 inquit,
572 976 712 1047 rogare,
737 942 941 1046 Philippus?
973 953 1066 1022 Tum
1085 952 1255 1040 quaesitor

137 1077 344 1149 properans,
369 1058 638 1126 modobreriter.
679 1058 747 1127 Hic
768 1057 848 1142 illc,
873 1079 942 1126 non
960 1055 1147 1125 accusabis:
1171 1074 1254 1143 per·

135 1159 299 1253 pusillum
312 1161 455 1251 rogabo.
494 1162 608 1247 Patet,
634 1183 738 1249 quare
753 1159 824 1229 hoc
838 1159 1017 1230 ridiculum
1039 1159 1091 1230 sit.
1141 1156 1256 1225 Pusil-

138 1263 209 1329 lum
229 1260 402 1330 homiuem
426 1286 513 1348 esse,
540 1287 642 1353 quem
663 1272 817 1355 rogaret,
838 1261 978 1333 dicebat
997 1261 1193 1351 Philippus:
1218 1258 1256 1327 id

139 1387 256 1433 verum
274 1374 363 1452 erat,
389 1364 450 1433 sed
470 1366 668 1458 responderi
681 1389 769 1435 nunc
786 1388 854 1433 nou
868 1365 1024 1433 debebat
1064 1364 1182 1452 ltaque
1195 1361 1257 1429 nisi

139 1467 308 1538 vocabulo
327 1490 403 1536 usus
428 1480 532 1555 esset,
554 1492 623 1559 quo
643 1492 747 1558 quum
768 1469 965 1537 brevitatem
987 1466 1131 1534 hominis
1147 1466 1257 1533 laces-

140 1579 242 1656 seret,
258 1593 369 1662 pauca
381 1580 494 1641 tamen
506 1583 683 1664 rogaturus
693 1572 872 1655 videretur,
891 1572 1008 1638 stultus
1022 1570 1138 1638 fuisset
1155 1580 1257 1657 atque

139 1673 280 1766 ineptus.
310 1673 567 1744 Eiusdemmodi
578 1674 662 1743 illud
678 1685 736 1760 est,
752 1675 847 1765 quod
865 1673 993 1742 ibidem
1009 1672 1129 1741 Cicero
1142 1671 1257 1755 refert,
1279 1737 1292 1748 ,

114 1853 117 1857 ,
140 1777 186 1845 de
201 1776 317 1845 surace
334 1799 448 1863 servo,
467 1780 578 1846 solum
589 1801 675 1863 csse,
701 1779 757 1848 cui
771 1777 960 1846 dominibil
970 1777 1011 1844 sit
1022 1798 1086 1845 nec
1099 1774 1259 1864 obsigna-

138 1889 214 1971 tum
228 1902 291 1949 nec
305 1879 487 1950 occlusum.
537 1881 635 1966 Quae
649 1904 753 1970 quum
767 1881 810 1949 ad
824 1877 1128 1949 commendandum
1143 1876 1260 1945 homi·

141 2004 225 2079 nem!
240 1980 412 2067 dicuutur,
436 1989 508 2050 non
526 1994 666 2074 possunt
686 1984 758 2052 lroc
784 1983 990 2074 significare,
1015 1981 1101 2050 nihil
1116 1982 1193 2048 satis
1207 1980 1259 2047 illi

142 2083 359 2176 obsignatum
371 2086 612 2175 occlusumque
626 2110 716 2172 csse,
730 2085 790 2154 sed
805 2107 873 2153 non
889 2107 975 2175 opus
990 2108 1060 2153 esse
1072 2083 1259 2174 quidquam

141 2187 322 2278 obsignare
345 2197 445 2277 atquc
468 2188 661 2258 occludere.
711 2188 843 2274 Quodsi
852 2210 921 2256 non
934 2187 979 2257 ad
995 2197 1170 2276 utramque
1186 2208 1259 2254 rem

141 2291 229 2358 verti·
236 2302 384 2381 possunt,
395 2312 462 2358 non
476 2301 551 2361 sunt
565 2292 716 2362 ridicula.
741 2293 830 2361 Nam
842 2292 956 2382 inepte
973 2291 1151 2375 diceretur,
1168 2288 1261 2380 frugi

77 2412 80 2419 ·
142 2415 273 2461 servum
288 2417 375 2474 esse3
390 2396 503 2462 omnia
518 2396 607 2463 enim
621 2395 733 2463 furari.
774 2395 832 2464 Sic
851 2395 1049 2485 intelligitur
1067 2394 1177 2474 etiam,
1201 2414 1261 2462 cur

143 2519 253 2566 errare
267 2520 369 2588 saepe
381 2497 561 2567 ridiculum
574 2499 625 2583 sit,
643 2497 737 2587 qnod
750 2520 819 2565 non
834 2520 876 2565 eo
890 2497 939 2582 fit,
953 2498 1033 2584 quia
1043 2497 1117 2562 leve
1132 2495 1260 2579 vitium,

134 2607 178 2673 ‚et
193 2599 405 2668 debilitatem
434 2599 581 2667 hominis
605 2622 747 2690 arguens
770 2598 1087 2665 animadvertamus:
1116 2619 1194 2663 nam
1219 2621 1261 2666 ne

142 2699 231 2768 haec
247 2700 387 2787 quidem
404 2701 484 2770 vitia
499 2702 612 2769 omnia
624 2701 725 2768 risum
739 2709 890 2768 movent:
915 2699 976 2766 sed
990 2698 1026 2766 id
1039 2707 1111 2765 tum
1125 2698 1262 2768 demum

143 2802 285 2888 accidit,
311 2825 416 2892 quum
431 2803 504 2891 quis
519 2826 569 2887 ea,
591 2825 681 2891 quac
694 2802 841 2892 quadam
852 2802 982 2870 ratione
996 2808 1076 2870 vera
1090 2812 1174 2887 sunt,
1195 2805 1262 2871 alia

143 2905 290 2989 ratione,
316 2928 417 2995 quam
429 2906 519 2992 licet,
535 2928 599 2996 pro
616 2906 700 2974 veris
714 2905 830 2972 habet.
855 2905 993 2993 Equum
1009 2904 1114 2974 oculis
1128 2926 1263 2976 currere

146 3028 250 3077 uerno
265 3007 396 3093 dixerit,
411 3010 470 3097 qni
483 3009 677 3098 cuiusquam
693 3009 763 3076 sani
775 3007 920 3077 hominis
935 3009 1037 3077 risum
1056 3017 1178 3099 captet
1216 3010 1264 3079 At

144 3111 238 3181 idem
249 3109 382 3180 ridetur·
390 3111 425 3180 in
436 3111 489 3180 his
504 3113 652 3180 versibus
668 3111 708 3180 C.
720 3111 852 3196 Lucilii,
982 3154 986 3165 ,
997 3107 998 3110 ’

196 3248 291 3338 queis
302 3246 396 3317 hunc
409 3269 543 3317 currere
558 3271 682 3338 equum
694 3270 755 3316 nos
769 3257 870 3336 atque
884 3248 1032 3337 equitare
1046 3247 1209 3334 videmus,

197 3351 251 3418 his
265 3351 407 3441 equitat,
429 3353 615 3441 curritque:
635 3353 741 3422 oculis
756 3351 905 3444 equitare
916 3351 1084 3422 ‘videmusa

199 3476 283 3548 ergo
297 3454 403 3525 oculis
417 3456 550 3545 equitat.

248 3626 327 3695 Non
342 3627 453 3696 omnia
469 3636 596 3715 antem,
618 3654 705 3720 quae
717 3629 860 3700 ridicula
873 3636 967 3714 aunt,
991 3627 1150 3696 ridentur.
1177 3625 1264 3695 Nam

147 3729 317 3798 interdum
331 3731 488 3801 severitas
503 3733 671 3821 quaedam
687 3745 720 3804 et
733 3735 877 3825 dignitas
889 3731 1031 3815 accedit,
1049 3732 1142 3800 cuius
1155 3731 1265 3799 admi·

148 3835 233 3902 ratio
249 3833 425 3904 honestam
438 3834 590 3904 indolem
604 3838 647 3904 ab
663 3837 730 3906 risu
741 3838 870 3905 retinet.
904 3835 961 3904 llli
975 3833 1124 3923 quidem,
1141 3835 1199 3922 qui
1212 3835 1265 3901 ni-

148 3934 200 4003 hil
214 3960 356 4027 nsquam
375 3961 537 4030 magnum
551 3950 585 4009 et
600 3963 705 4031 grave
724 3938 1011 4024 sentiunt‚‘-etiam
1033 3937 1068 4004 in
1080 3937 1132 4005 his
1146 3937 1265 4005 rident

131 4039 204 4107 ‘Ex
218 4062 260 4107 eo
282 4063 409 4132 genere
427 4043 466 4111 P.
482 4043 603 4112 Licinii
623 4043 704 4110 Vari
723 4043 850 4111 dictum
876 4049 1118 4125 commemorat
1132 4039 1265 4123 Cicero,

149 4143 210 4231 qui
221 4143 385 4214 Africano
397 4144 532 4231 maiori,
561 4167 723 4216 coronam
736 4146 798 4214 sibi
811 4146 846 4214 in
859 4145 1011 4217 convivio
1029 4142 1074 4211 ad
1087 4154 1191 4232 caput
1209 4166 1267 4211 ac-

151 4245 390 4336 commodanti,
415 4272 521 4342 quum
535 4272 583 4319 ea-
591 4248 723 4342 saepius
739 4260 959 4345 rumperetur,
986 4246 1057 4318 noli
1070 4246 1195 4334 mirari,
1215 4247 1268 4317 in-
