2826 4904
186 304 229 367 14
456 282 524 358 on
587 294 1044 361 rvunaunuro

187 489 266 540 sam·
283 491 355 540 esse
378 464 525 557 nubam,
551 489 655 560 qnare
671 471 746 560 quis
757 489 798 541 oa
813 467 954 539 fruatur:
979 468 1067 540 illud
1081 478 1211 557 autom,
1237 492 1300 540 vo-

186 573 321 665 luptatis
330 573 586 664 perceptionem
601 571 810 662 prohibitam
823 594 912 659 esse,
937 570 1008 646 hoe
1022 573 1128 658 valet,
1142 576 1301 666 volupta-

186 687 256 745 tem
268 697 336 744 non
348 677 470 746 suomi
484 675 554 746 sine
569 675 705 745 scelere.
746 674 789 745 ld
814 685 925 746 autem
947 677 981 742 in
996 676 1054 744 illa
1064 685 1192 744 tanturn
1204 700 1301 745 emo-

180 777 336 849 ‘lumenta
359 777 468 863 cadit,
492 799 580 871 quae
607 779 681 869 quis
700 777 857 848 facienda
879 778 997 847 iniuria
1018 780 1176 869 acquirit:
1200 790 1303 869 atque

185 883 311 950 horum
326 900 405 950 sane
418 881 580 950 restitutio
596 879 668 949 iure
684 881 845 973 exigitur,
870 902 1075 972 quamquam
1087 902 1155 950 non
1169 903 1302 974 poenae

187 984 332 1070 nomine,
351 983 411 1053 sed
424 983 468 1052 ad
480 983 702 1075 reparandam
715 984 876 1052 iniuriam.
909 983 1204 1076 Quasvoluptates
1219 1010 1301 1054 vero

186 1089 251 1156 sibi
266 1070 383 1176 aliquis
394 1086 466 1154 iure
477 1088 624 1179 paravit,
639 1110 695 1156 cas
711 1086 737 1155 si
752 1086 803 1154 illi
816 1086 961 1180 eriperet
968 1086 1005 1173 is,
1021 1111 1123 1178 quem
1144 1089 1302 1174 laesisset,

187 1188 344 1282 profecto
363 1187 422 1258 hic
440 1190 532 1281 ipse,
557 1190 647 1258 illius
667 1189 789 1258 iustam
807 1188 996 1258 libertatem
1015 1212 1188 1277 coercens,
1214 1192 1302 1260 iniu-

186 1303 254 1362 stus
266 1294 370 1361 foret.
402 1294 491 1362 Nam
506 1291 612 1359 homo
626 1294 737 1361 mal!
749 1288 909 1383 idemque
925 1293 1005 1362 felix
1021 1316 1063 1363 eo
1078 1304 1181 1378 certe,
1207 1295 1301 1383 quod

185 1396 394 1488 avoluptate
407 1417 476 1464 uon
496 1395 651 1482 abstinet,
671 1417 739 1464 non
756 1396 872 1465 iniuste
896 1406 953 1465 aut
969 1397 1119 1488 turpiter,
1142 1397 1203 1464 sed
1220 1421 1303 1488 per-

128 1508 130 1514 ’
186 1514 283 1569 verse
304 1500 394 1591 agit,
418 1499 549 1589 quippe
564 1517 713 1567 caussam
729 1521 798 1566 non
813 1499 952 1584 habens,
973 1523 1077 1588 quare
1093 1502 1303 1590 voluptatem

185 1611 414 1694 persequatur.
448 1600 557 1692 lgitur
576 1603 623 1670 sic
646 1623 782 1691 quoque
803 1602 848 1668 ad
867 1601 1101 1671 vindicandam
1116 1624 1303 1694 poenarum

185 1705 344 1776 iustitiam
362 1698 470 1772 omme
486 1704 540 1772 via
554 1703 687 1773 videtur
700 1703 877 1795 praeclusa
892 1728 972 1772 esse.

193 1798 195 1800 ¹
287 1804 384 1877 Nihil
396 1828 480 1898 ergo
493 1807 649 1875 relietum
662 1815 710 1874 est
726 1807 829 1891 aliud,
843 1808 934 1876 unde
949 1808 1087 1897 aliquod
1101 1808 1144 1874 ad
1158 1807 1303 1899 punien-

186 1909 271 1978 dum
290 1908 340 1976 ius
363 1917 534 1994 nascatur,
561 1932 663 1997 quam
684 1919 795 2001 pacta.
834 1910 966 1995 Quibus
990 1933 1059 1978 non
1080 1911 1220 1978 dubium
1243 1920 1303 1995 est,

186 2013 269 2102 qum
280 2008 330 2079 ius
344 2011 506 2101 puniendi
526 2013 559 2078 in
581 2012 727 2103 aliquem
745 2013 914 2079 transferri
929 2022 1048 2101 queat,
1075 2013 1156 2080 dum
1172 2037 1215 2080 ne
1231 2014 1303 2101 quis

186 2110 227 2183 ila
251 2113 440 2182 adimendis
461 2115 635 2205 puniatur,
668 2137 756 2204 quae
777 2115 925 2182 alienare
947 2137 1015 2183 non
1038 2124 1164 2205 potest:
1197 2139 1303 2204 eaque

186 2212 299 2286 omnia
324 2217 399 2285 solo
423 2217 583 2287 libertatis
610 2219 729 2286 rationi
754 2218 984 2287 consentientis
1000 2241 1063 2286 usu
1084 2219 1302 2288 continentur.

118 2342 124 2354 ·
186 2320 484 2406 Quemadmodum
497 2331 609 2389 antem
625 2344 681 2406 ea,
706 2343 793 2410 qnae
808 2321 852 2387 ab
866 2331 983 2388 natura
997 2322 1206 2412 accepimns,
1231 2322 1303 2390 iura

185 2444 253 2492 uon
266 2425 345 2495 licet
360 2424 478 2514 poenis
491 2418 658 2492 sumendis
671 2424 775 2508 tueri,
798 2418 865 2490 nisi*
878 2424 1033 2491 adversus
1046 2447 1130 2513 quos
1146 2447 1187 2491 ex
1199 2435 1302 2515 pacto

186 2524 404 2596 animadverti
415 2529 539 2618 possit,
552 2529 599 2595 ita
613 2528 714 2595 etiam
728 2548 816 2615 quae
832 2526 940 2615 pactis
956 2527 1031 2594 iura
1049 2527 1165 2617 adepti
1180 2543 1307 2612 sumus,

82 2650 85 2668 ²
185 2630 220 2697 vi
234 2630 394 2712 etamris,
419 2649 489 2694 non
510 2626 647 2717 poenis,
673 2626 889 2694 defendenda
909 2636 1000 2711 sunt,
1025 2631 1303 2718 praeterquamsi

187 2731 281 2799 aliud
302 2730 348 2798 de
368 2730 542 2820 punienda
559 2729 676 2795 iniuria
699 2737 837 2819 pactum
858 2729 1040 2798 accesserit.
1089 2732 1178 2797 Nam
1199 2755 1303 2822 quum

184 2829 236 2900 ius
250 2831 399 2922 quidem,
421 2830 515 2920 quod
531 2831 566 2898 in
579 2832 742 2898 libertatis
754 2830 877 2905 rationi
889 2832 1119 2900 consentientis
1134 2857 1195 2901 usu
1209 2830 1309 2924 posi-¹

183 2944 257 3003 tum
270 2935 327 3018 sit,
351 2935 460 3024 pactis
473 2953 541 3002 non
554 2942 717 3019 mutetur,
737 2932 797 3003 sed
810 2956 882 3018 res,
904 2933 939 3000 in
952 2935 1072 3025 quibus
1082 2937 1132 3004 ius
1145 2960 1303 3007 exercea-

185 3039 255 3106 tur:
280 3037 368 3104 nihil
384 3037 476 3133 aliud
492 3037 538 3105 ad
559 3060 600 3105 ca
613 3036 701 3120 iura,
728 3059 815 3126 quae
828 3038 937 3129 pactis
957 3037 1140 3125 debentur,
1165 3061 1302 3109 conser-

186 3141 297 3209 vanda
308 3139 431 3230 suscipi
453 3148 577 3230 potest,
598 3162 699 3229 quam
713 3139 806 3230 quod
821 3139 865 3206 ad
877 3140 936 3207 illa
949 3141 1075 3208 tuenda
1087 3143 1201 3211 facere
1212 3145 1302 3227 licet,

111 3311 114 3315 .
135 3278 140 3287 ’
186 3245 309 3335 quibus
334 3267 355 3310 a
375 3253 493 3311 natura
511 3266 623 3310 sumus
639 3239 764 3310 donati.
813 3242 931 3332 ltaque
943 3266 986 3312 ne
1001 3244 1141 3314 societas
1164 3246 1303 3333 quidem

185 3348 258 3416 nlla
278 3353 348 3431 est,
374 3369 461 3436 quae
480 3367 543 3438 per
566 3367 602 3414 se
625 3345 743 3436 poenis
765 3347 991 3431 contineatur,
1016 3348 1127 3415 nisisi
1150 3350 1302 3417 omnibus

185 3452 232 3518 ita
247 3450 423 3538 placuerit.
455 3448 560 3534 Quod
574 3450 602 3516 si
618 3472 686 3538 qua
695 3457 808 3516 tamen
824 3449 866 3516 sit
878 3450 1036 3534 societas,
1062 3473 1149 3538 quae
1164 3452 1214 3518 ius
1234 3475 1302 3543 pu·-

185 3551 299 3622 niendi
314 3572 378 3643 per
390 3573 425 3620 se
446 3560 480 3619 et
493 3552 678 3622 necessario
693 3551 838 3637 habeat,
864 3553 938 3641 ipsa
963 3551 1033 3619 eins
1048 3552 1141 3619 notio
1154 3552 1225 3624 hoc
1239 3556 1302 3623 de-

185 3657 245 3724 bet
260 3656 296 3723 in
308 3677 344 3723 se
360 3654 669 3745 comprehendere,
695 3654 806 3746 puniri
818 3675 938 3744 posse,
962 3655 1022 3743 qui
1038 3655 1105 3722 eius
1118 3655 1213 3746 leges
1229 3658 1302 3725 vio-

185 3759 335 3830 laverint.
385 3758 562 3825 Eiusmodi
582 3757 746 3826 societatis
769 3758 962 3847 exemplum
981 3757 1120 3846 plurimi
1136 3760 1301 3827 civitatem

81 3940 85 3952 χ
180 3875 258 3932 ‘esse
281 3859 483 3946 existimant,
509 3860 567 3928 alii
586 3861 657 3928 aliis
681 3860 776 3928 ducti
799 3860 1013 3951 argumentis.
1072 3861 1141 3945 Qui
1159 3862 1195 3929 in
1219 3862 1301 3930 duas

172 3964 330 4044 ¹manime
342 3973 457 4055 partes
469 3963 660 4049 discedunt,
675 3962 786 4055 alteris
799 3961 1016 4047 infelicitate,
1032 3963 1142 4032 alteris
1155 3964 1191 4032 in
1204 3989 1302 4036 secu-

187 4067 285 4135 ritate
295 4066 399 4136 finem
415 4066 556 4136 civitatis
569 4067 782 4156 ponentibus.
814 4065 948 4132 Horum
963 4065 1012 4132 illi
1024 4066 1226 4158 praecipue,
1243 4068 1305 4157 qui

186 4169 353 4239 felicitatis
364 4191 481 4240 caussa
495 4170 644 4240 civitates
656 4169 860 4260 congregari
871 4176 1000 4259 putant,
1014 4191 1119 4258 quum
1126 4192 1194 4239 non
1206 4174 1302 4239 inve-

187 4272 305 4359 nirent,
321 4275 496 4365 quomodo
517 4273 562 4342 ad
577 4293 670 4342 snam
683 4272 894 4363 aliorumque
908 4271 1104 4342 felicitatem
1119 4275 1301 4344 curandam
