2826 4904
46 271 50 287 ’
166 304 210 366 sa
505 295 564 358 oa
599 291 928 358 urrrrnnurm

165 481 236 542 tem
250 469 573 562 complecterentur,
598 475 688 554 tum,
713 467 807 539 falsis
822 467 1004 556 alienisque
1017 462 1185 550 admixtis,
1211 465 1285 532 mi-

166 598 242 646 rum
261 574 296 642 in
315 572 457 642 modum
477 573 750 662 depravarentur.
800 571 935 641 Horum
956 569 1107 637 omnium
1125 590 1176 634 ars
1193 565 1284 636 rhe-

164 679 271 747 torica
283 675 578 745 luculentissimum
590 676 783 764 exemplum
797 675 926 743 exstitit.
953 674 1052 756 Quae
1077 694 1182 759 quum
1204 670 1284 761 pri-

165 804 258 850 mum
278 780 371 869 apud
394 779 563 864 Graecos,
597 778 836 869 plerarumque
857 776 976 844 artium
993 785 1027 843 et
1049 770 1284 846 doctrinarum

164 890 374 973 repertores,
401 889 516 948 exorta
540 889 642 965 esset,
667 881 760 947 initio
794 881 830 947 in
860 878 1096 948 exercitatione
1126 876 1283 966 quadam

84 1059 87 1063 ,
165 986 303 1077 copiose
324 993 507 1073 ornateque
531 983 666 1052 dicendi
687 984 846 1063 constitit3
888 1002 968 1050 mox
997 986 1079 1049 ver'o
1099 976 1284 1049 homiuum

166 1084 377 1178 eloquentiae
393 1087 495 1154 laude
510 1086 700 1154 florentium
712 1109 819 1177 opera
832 1085 1027 1175 disciplinae
1039 1083 1208 1172 quaedam
1221 1105 1283 1151 ra·

165 1192 212 1260 tio
228 1201 262 1259 et
275 1199 535 1281 praeceptorum
555 1190 717 1257 subtilitas
733 1188 880 1260 accessit.
929 1187 1002 1256 Sed
1023 1208 1128 1275 quum
1143 1185 1283 1254 univer-

164 1318 201 1362 sa
220 1294 355 1364 dicendi
373 1294 422 1361 vis
441 1302 475 1360 et
486 1293 627 1361 facultas
642 1293 850 1382 potissimum
864 1291 899 1358 in
912 1290 1032 1360 caussis
1052 1288 1281 1378 iudicialibus,

19 1440 24 1455 ‹
135 1397 200 1472 2in
219 1397 364 1488 negotiis
387 1396 550 1487 publicis,
575 1395 610 1462 iu
629 1396 846 1464 sollemnibus
866 1394 1112 1462 laudationibus
1126 1414 1282 1460 versare-

163 1509 234 1586 tur,
259 1501 333 1568 fieri
356 1522 425 1566 non
441 1499 567 1588 potuit,
593 1498 674 1587 quin
697 1499 750 1565 his
775 1500 809 1565 in
831 1499 932 1566 rebus
950 1498 1030 1564 solis
1050 1495 1226 1585 disciplina
1241 1519 1280 1564 se

164 1603 364 1687 contineret,
391 1612 523 1671 caetera
536 1610 650 1669 autem
666 1602 801 1671 dicendi
816 1623 943 1691 genera
958 1622 1026 1668 non
1038 1599 1148 1667 solum
1164 1599 1280 1689 negli-

163 1713 279 1798 geret,
317 1728 435 1774 verum
466 1706 567 1771 etiam
602 1705 783 1772 excludere
814 1704 994 1771 videretur.
1051 1702 1281 1770 Historiarum

163 1808 345 1898 expositio,
370 1806 613 1897 philosophiae
636 1807 834 1899 explicatio,
859 1804 1072 1874 familiarium
1085 1826 1281 1871 sermonum

165 1911 303 2001 elegans
321 1911 463 1977 imitatio
486 1909 695 1999 disciplinam
720 1910 893 1979 habebant
911 1909 1049 1976 nullam.
1107 1907 1282 1996 Numqui

162 2013 199 2080 in
223 2012 276 2079 his
297 2012 397 2079 rebus
420 2011 655 2097 elaborabant,
688 2022 745 2080 aut
765 2036 786 2079 a
810 2011 1093 2080 declamationum
1114 2011 1280 2081 exercita-

162 2116 256 2184 tione
282 2114 431 2204 aliquem
458 2136 556 2182 usum
586 2114 722 2182 dicendi
750 2113 953 2199 afferebant,
995 2121 1054 2181 aut
1090 2113 1126 2180 in
1159 2136 1280 2182 eorum

163 2217 335 2310 exempla,
367 2217 425 2306 qui
447 2226 545 2285 antea
565 2217 600 2284 iu
621 2216 674 2285 his
693 2219 873 2309 generibus
894 2216 1141 2301 excelluissent,
1166 2219 1281 2284 iutue-

162 2323 303 2406 bantur,
329 2329 386 2388 aut
403 2328 524 2410 suopte
539 2320 685 2411 denique
703 2322 842 2413 ingenio
864 2343 1027 2410 sensuque
1045 2320 1167 2407 adiuti,
1192 2320 1280 2409 quid

162 2447 280 2494 verum
293 2431 327 2492 et
339 2431 456 2514 aptum
471 2432 573 2509 esset,
597 2423 841 2515 intelligebant.
891 2425 1010 2512 Itaque
1026 2447 1131 2512 quum
1145 2426 1280 2493 Aristo·

161 2529 262 2612 telos,
289 2527 399 2596 eximii
421 2527 630 2617 viringeuii,
656 2527 701 2593 ad
724 2527 958 2619 explicandam
977 2527 1280 2616 illustrandamque

162 2631 241 2699 artis
253 2627 444 2696 rhetoricae
463 2628 650 2698 doctrinam
670 2631 866 2714 accederet,
890 2629 950 2698 hic
966 2653 1119 2718 quoque,
1144 2631 1279 2721 priores

162 2741 320 2821 sequutus
341 2731 541 2821 magistros,
566 2732 731 2822 neglectis
762 2733 897 2821 reliquis
924 2732 1061 2802 dicendi
1084 2735 1278 2825 generibus,

163 2835 351 2902 orationum
373 2833 623 2902 scribendamm
642 2843 746 2902 artem
773 2844 807 2903 et
828 2835 999 2906 seientiam
1019 2838 1177 2927 persequi
1198 2840 1279 2908 satis

163 2937 293 3006 habuit.
345 2936 559 3025 Quamquam
581 2936 640 3008 hic
661 2939 795 3006 nonita
814 2939 903 3006 viam
921 2940 965 3007 ab
985 2940 1051 3006 illis
1069 2942 1279 3030 patefactam

163 3040 287 3123 tenuit,
317 3050 441 3106 utnon
464 3048 498 3107 et
525 3061 613 3108 nova
641 3049 676 3109 et
708 3042 870 3109 subtiliter
901 3044 1092 3134 excogitata
1125 3043 1276 3113 afferret

162 3145 325 3213 Naturam
335 3143 424 3210 enim
441 3151 543 3232 atque
559 3144 709 3214 officium
722 3144 930 3231 rhetoricae,
955 3146 1052 3235 quod
1079 3146 1130 3213 illi
1151 3146 1226 3215 fere
1240 3149 1278 3216 in

160 3246 334 3316 flectendis
348 3247 667 3338 commovendisque
682 3246 857 3317 hominum
875 3249 991 3317 animis
1013 3251 1138 3318 versari
1151 3258 1279 3320 statue·

160 3351 261 3434 bant,
293 3350 360 3417 alio
378 3351 644 3421 transferendum
670 3375 741 3421 esse
769 3353 905 3424 censuit.
961 3353 1051 3421 Nam
1071 3375 1176 3441 quum
1193 3351 1280 3423 rhe-

159 3453 320 3536 toricam,
348 3475 451 3540 quam
472 3478 491 3522 e
514 3453 691 3524 dialectica
708 3456 789 3524 oriri
808 3456 968 3547 putabat,
992 3455 1189 3526 facultatem
1205 3480 1279 3527 esse

161 3555 363 3624 existimaret
379 3556 603 3646 perspiciendi
623 3558 708 3646 quid
726 3560 761 3626 in
774 3581 909 3647 quaque
923 3581 961 3626 re
983 3559 1164 3650 probabile
1178 3571 1278 3647 esset,

159 3659 356 3750 primariam
370 3658 440 3727 eius
451 3660 521 3727 rim
534 3661 763 3751 inprobando
782 3661 1111 3752 demonstrandaque
1129 3663 1277 3753 positam

161 3785 233 3832 esse
262 3761 445 3831 contendit.
501 3762 572 3830 Alii
596 3763 721 3833 deiude
745 3765 827 3833 alias
849 3762 1040 3833 rhetoricae
1061 3765 1276 3836 definitiones

160 3865 359 3949 attulerunt,
391 3872 429 3932 ut
448 3864 551 3933 facilc
571 3869 678 3956 possit
701 3867 886 3953 aestimari,
919 3869 1056 3956 qualem
1080 3892 1150 3937 esse
1167 3891 1276 3960 opor-

159 3967 259 4035 tuerit
292 3967 503 4057 disciplinam
533 3969 610 4037 artis
642 3971 688 4039 de
718 3972 810 4041 cuius
843 3979 960 4038 natura
993 3994 1062 4039 non
1097 3980 1275 4042 constaret.

162 4069 253 4154 Quin
276 4070 351 4163 ipsc
381 4069 643 4158 Quinctilianus,
674 4074 805 4162 inquo
833 4075 1048 4165 praeclarum
1081 4074 1146 4144 fuit
1172 4084 1275 4166 atque

162 4171 281 4239 eximia
304 4172 490 4242 eruditione
507 4175 653 4264 politum
673 4177 862 4268 ingenium,
894 4179 929 4247 iu
949 4200 991 4247 eo
1012 4178 1125 4265 1000,
1145 4177 1181 4246 in
1204 4199 1274 4268 quo

160 4274 321 4366 plurimas
340 4277 483 4347 aliorum
510 4275 555 4347 de
575 4277 643 4347 fine
662 4279 853 4354 rhetoricae
878 4282 1053 4352 sententias
1064 4304 1275 4354 commemo·
