2826 4904
213 320 277 384 188
440 315 499 376 DE
520 315 707 378 ELLIPSI
727 315 785 376 ΕΤ
806 314 1113 378 PLEONASMO·

211 486 371 581 p734.;
409 443 469 557 uiri
496 487 633 579 quidem
659 445 879 557 diversissima
906 488 1091 557 miscentur.
1150 487 1326 560 Pertinent

209 593 281 663 hue
294 592 387 663 talia:
413 585 597 664 ἐπύθοντο
617 592 680 689 τῆς
701 586 827 663 Πύλου
850 593 1149 688 κατειλημμένης,
1182 589 1324 690 πατρός

211 688 387 781 οἰκούσας,
413 687 568 766 κλύουσα
588 688 735 782 παιδός,
769 716 913 783 quorum
933 692 991 762 hic
1014 717 1125 760 sensus
1149 705 1217 780 est,
1252 698 1321 765 oli-

209 798 297 891 quid
322 797 370 866 de
391 803 502 887 coptu
516 795 626 888 Pylo,
653 795 700 863 de
716 804 843 888 patre,
869 794 1012 889 defilio
1033 797 1169 864 audire.
1224 799 1323 884 Quae

209 923 253 969 ne
271 900 345 988 quis
362 907 477 991 putet,
515 910 552 967 nt
576 900 629 966 isti
651 898 782 984 volunt,
820 922 885 991 per
910 899 1043 988 ellipsin
1065 903 1321 991 praepositionis

208 1029 291 1097 περι
283 1001 517 1092 explicanda
546 1025 633 1087 esse,
666 1002 869 1087 meminerit,
910 1001 1013 1120 quod·
1031 1025 1133 1094 supra
1165 1004 1319 1092 diximus,

206 1126 308 1197 posse
319 1105 400 1172 talia
410 1106 612 1197 plerumque
629 1127 693 1195 per
706 1105 905 1174 adiectivum
922 1105 1071 1228 exprimi.
1105 1106 1165 1175 Sic
1181 1103 1318 1203 aaron}

207 1201 363 1288 ἄκουσας
381 1209 493 1300 potuit
508 1211 609 1276 etiam
630 1207 699 1280 dici
714 1208 864 1306 πατρῷα
878 1203 1043 1290 οἰκούσας.
1095 1209 1134 1278 si
1148 1210 1315 1282 Homerus

207 1308 329 1401 Odyss.
343 1311 418 1380 XV.
446 1309 532 1380 347.
559 1310 657 1380 dicit:

309 1446 384 1524 εἴμ’
401 1447 466 1542 οἶγε
479 1475 546 1540 μοι
562 1447 643 1546 περὶ
658 1442 794 1545 μητρός
807 1443 1152 1545 ’οδασσῆοςθείοιο,

308 1547 445 1650 πατρός
466 1548 525 1641 θ,
553 1551 595 1624 ὂν
609 1546 875 1626 narrantes
831 1580 894 1624 ιων
910 1551 967 1625 ἐπὶ
983 1546 1116 1650 ιη’ραος
1129 1549 1239 1653 οὐδῷ,

308 1658 347 1728 εἴ
365 1683 436 1728 nov
454 1654 509 1727 ἔτι
524 1649 715 1741 ζώουσιν
692 1680 742 1726 οιι
773 1647 884 1746 αὐηας
898 1652 1034 1777 ἠελίοιο
1042 1709 1057 1744 ,

306 1786 328 1855 η
316 1757 416 1855 ἤδη
430 1758 603 1849 τεθνᾶσι,
629 1756 690 1830 ναὶ
707 1758 760 1831 εἰν
778 1752 908 1830 Λΐδαο
928 1751 1108 1850 δόμοισιν.

204 1893 277 1983 quis
290 1892 371 1963 inde
385 1895 542 1986 colligat,
562 1893 645 1992 περὶ
660 1894 816 1965 omissum
841 1916 911 1969 csse
929 1892 1137 1986 OdyssX1.‘
1154 1895 1240 1966 174.

308 2033 384 2105 εἰσι
377 2031 441 2106 δι’
451 2059 519 2125 μοι
532 2023 669 2158 πατρός
682 2058 725 2105 σι
740 2029 924 2120 noioeane,
951 2031 994 2105 ὃν
1009 2033 1237 2126 κατέλειπον,

306 2133 331 2231 ἢ
352 2134 409 2207 ἔτι
424 2160 508 2226 παρ
514 2131 686 2206 ιιιίνοισιν
699 2127 788 2264 ἑμον
805 2135 931 2226 γέρας,
956 2130 1002 2229 ἠέ
1013 2161 1069 2215 τις
1085 2134 1151 2233 ηδη

307 2233 447 2334 ἀνδρῶν
468 2236 610 2317 ἄλλος
589 2263 662 2326 εχει
669 2290 683 2326 ,
710 2237 774 2328 ἐμὲ
797 2232 833 2310 d
850 2232 970 2309 οοίέτι
989 2236 1080 2331 φασὶ
1096 2240 1260 2312 νέεσθαι

203 2396 313 2463 neque
327 2374 439 2466 potins
451 2372 570 2458 ducat,
596 2382 734 2462 poetam
748 2372 862 2443 dicere
884 2373 1044 2458 voluisse,
1070 2372 1130 2441 dic
1144 2375 1231 2443 milri
1246 2374 1306 2443 hoc

199 2478 338 2572 putris,
364 2477 457 2567 quod
472 2476 556 2566 qnid
573 2476 631 2561 sit,
657 2476 766 2543 statim
783 2476 938 2566 explicat.
991 2475 1082 2560 Quin
1097 2479 1218 2564 statim,
1243 2498 1306 2566 quo

202 2584 310 2649 minus
336 2581 381 2648 de
410 2580 510 2647 huius
531 2579 809 2685 interpretationis
834 2579 974 2647 veritate
1003 2578 1152 2668 dubites,
1192 2581 1306 2651 eadem

80 2706 82 2713 ·
201 2684 313 2753 forma
328 2683 503 2768 orationis,
528 2682 589 2751 sed
609 2672 725 2750 addito
748 2683 899 2768 nominc,
923 2681 1061 2773 pergit.

135 2834 207 2900 15⁶
307 2840 384 2958 οἶσε
375 2838 440 2911 'da'
445 2864 512 2931 μοι
524 2837 682 2958 μνηστῆς
701 2829 833 2927 α’λόχοο
846 2815 982 2933 βουλήν
995 2865 1038 2910 τε
1051 2831 1137 2912 νόον
1153 2867 1210 2931 σε,

304 2938 346 3066 η’ἑ
360 2944 462 3032 μενοι
484 2966 583 3034 παρα
576 2935 723 3029 παιδί,
751 2968 810 3011 ιαι
803 2940 970 3062 ἔμπεδα
984 2933 1106 3013 πάντα
1121 2937 1304 3037 φυλάσσει,

303 3071 326 3140 η
313 3042 416 3140 ἤδη
435 3070 502 3135 μιν
518 3043 645 3139 ἔγημεν
662 3038 860 3133 Ἀχαιοῖν“
838 3070 931 3124 nerra
944 3040 1102 3139 ἄριστος.
1322 3056 1328 3075 ⁸

200 3197 339 3268 Poterat
354 3197 413 3269 hic
438 3218 576 3286 quoque
598 3199 752 3266 omittere
774 3200 877 3266 verba
908 3190 1042 3289 βουλήν
1068 3225 1111 3270 τι
1138 3224 1226 3272 νοον
1248 3222 1306 3272 τοι
1366 3227 1371 3237 ·

199 3325 288 3390 quae
305 3302 332 3369 si
346 3301 515 3389 omisisset,
540 3301 623 3390 quid
644 3302 737 3370 aliud
754 3303 881 3371 dictum
903 3308 1003 3384 esset,
1030 3324 1133 3389 quarn
1149 3303 1229 3375 εἰιιέ
1241 3328 1306 3421 μοι

199 3399 333 3514 οἱλόχοο
352 3434 395 3478 το
414 3409 438 3500 ἢ
453 3407 576 3498 μένειν
592 3433 613 3501 η
602 3399 828 3526 ηήμασθαι
882 3402 953 3472 Sed
972 3426 1076 3493 quum
1090 3403 1150 3472 hic
1163 3427 1240 3472 usus
1255 3407 1307 3470 in

198 3495 369 3592 valuisset,
393 3521 432 3577 ιιι
448 3510 634 3601 genitivus
624 3533 659 3575 ιιι
670 3507 864 3576 huiusmodi
877 3530 915 3573 re
931 3515 1158 3597 usurparetur,
1185 3511 1305 3575 omisso

145 3669 155 3687 s
197 3611 332 3681 nomine
351 3611 416 3697 rei,
447 3634 533 3700 quae
562 3611 607 3677 de
639 3611 752 3698 aliquo
776 3610 959 3694 diceretur,
1000 3612 1055 3679 vel
1085 3610 1307 3699 acciperetur,

196 3723 317 3806 postea
347 3737 450 3805 saepe
477 3720 612 3780 netum
642 3713 782 3803 quidem
812 3736 917 3802 quum
950 3735 1075 3780 nomen
1097 3713 1306 3780 indefinitum

79 3889 80 3892 ,
198 3817 402 3902 addebatur,
447 3817 484 3885 id
502 3817 647 3888 construi
670 3817 800 3887 solebat
818 3838 895 3888 curn
909 3816 1074 3908 genitivo,
1101 3815 1163 3885 sed
1185 3839 1333 3909 perse

96 3931 98 3936 '
195 3921 306 3989 solnm
328 3921 531 4029 iungetratnr
550 3922 672 3990 verbo:

298 4060 334 4131 σι’
346 4059 460 4155 σφῶϊν
474 4051 562 4132 τάδε
583 4051 704 4131 πάντα
722 4056 908 4132 πυθοίατο
924 4060 1202 4156 μαρναμένοιϊν.

195 4193 263 4265 Ηίσ
285 4197 425 4287 proprie
444 4195 539 4288 iungi
560 4195 739 4280 deberent,
765 4189 853 4268 σοι’δο
868 4197 1004 4290 σφῶϊν,
1030 4195 1122 4266 haec
1137 4199 1307 4282 vestrum,

194 4297 310 4385 idest,
336 4299 427 4371 hoec
439 4307 577 4372 vestra:
601 4298 662 4370 sed
675 4307 860 4391 poetanon
873 4300 994 4387 iunxit,
1020 4299 1096 4371 usui
1115 4301 1184 4370 iam
1203 4301 1310 4370 stabi·
