2826 4904
183 318 228 379 98
526 312 586 372 DE
615 310 938 373 DlFFERENTlA

41 478 44 484 ’
136 490 177 553 lt
184 482 302 553 Tertia
330 482 407 550 talis
433 492 501 571 est,
542 492 579 553 ut
605 486 746 553 verbum
770 482 944 549 limitatam
973 481 1104 550 duabus
1128 481 1300 554 contrariis

183 587 480 678 significationibus
501 587 570 655 vim
592 587 744 677 accipiat.
802 585 907 670 Quod
932 585 1071 674 quidem
1091 608 1161 653 non
1186 596 1302 677 potest

172 691 279 759 *aliter
300 689 390 776 fieri,
414 692 478 758 nisi
493 693 559 776 sic,
585 698 623 758 nt
638 690 745 757 altera
760 689 959 780 significatio
977 689 1012 754 in
1029 689 1163 756 alterius
1183 688 1300 758 locum

184 793 355 863 succedat.
403 794 451 860 Vt
464 794 558 882 qnod
571 794 615 861 de
627 794 741 860 Vettio
755 803 1008 860 monumentum
1024 794 1128 883 patris
1145 802 1302 861 exarante

185 896 269 963 dixit
283 895 407 964 Caesar
422 899 613 987 Augustae,
639 896 706 963 hoc
729 903 781 963 est
802 918 885 963 vere
904 904 1163 963 mouumentum
1179 896 1302 987 patris

186 1000 311 1069 colere.
363 1003 451 1068 Nam
467 1002 582 1070 colere
602 1001 649 1066 ita
666 998 763 1082 dixit,
788 1008 843 1082 ut,
869 1022 973 1087 quum
1000 999 1184 1066 arationem
1196 999 1304 1066 vellet

185 1100 348 1192 intelligi,
391 1103 557 1171 honorem
579 1102 782 1186 nominaret,
816 1125 920 1191 quum
934 1111 1046 1172 autem
1068 1103 1237 1170 honorem
1249 1101 1303 1169 in-

185 1205 374 1296 telligeret,
400 1207 602 1298 significaret
625 1207 817 1273 arationem.

290 1307 444 1376 Tertium
462 1333 569 1401 genus
592 1318 771 1399 troporum
790 1316 921 1398 spectat
944 1306 990 1373 ad
1012 1328 1152 1390 nexum,
1178 1305 1239 1394 qui
1255 1312 1304 1372 est

124 1462 127 1469 .
186 1410 271 1477 inter
285 1432 338 1476 res
355 1413 454 1502 ipsas,
479 1413 645 1501 inquibus
661 1411 887 1502 significandis
901 1418 1072 1477 versantur
1085 1409 1185 1499 tropi.
1238 1408 1304 1476 At-

187 1536 254 1603 que
267 1513 366 1580 huius
382 1537 518 1604 quoqne
538 1516 669 1607 generis
691 1525 758 1581 tres
777 1515 903 1581 formas
916 1535 1139 1580 numeramus·
1189 1511 1306 1579 Prima

188 1625 257 1700 est,
290 1639 359 1705 qua
382 1628 465 1685 nota
486 1620 536 1687 rei
559 1641 624 1709 pro
655 1640 692 1683 re
715 1618 804 1706 ipsa,
830 1618 885 1683 vel
906 1639 958 1683 res
979 1617 1052 1705 ipsa
1067 1636 1132 1705 pro
1157 1625 1240 1682 nota
1255 1614 1305 1682 rei

185 1720 334 1811 ponitur.
385 1724 438 1791 Ac
457 1721 697 1809 nota'quidem
717 1743 782 1811 pro
804 1743 840 1788 re
859 1720 949 1810 ipsa,
981 1730 1019 1785 ut
1036 1725 1217 1810 sceptrum
1238 1740 1303 1808 pro

186 1823 348 1911 imperio,
382 1823 526 1895 Pelides
550 1847 615 1916 pro
643 1822 793 1893 Achille.
844 1823 1035 1913 Aeschylus
1060 1821 1105 1891 de
1138 1821 1250 1890 Persis
1271 1829 1305 1888 et

189 1924 347 1994 Graecis:

394 2022 552 2125 πότερον
576 2024 730 2111 τόξου
708 2029 808 2125 priua
834 2022 881 2101 ad
907 2028 1036 2108 κικῶκ,

393 2130 419 2227 ἢ
428 2126 666 2254 δορυκρακου

393 2226 554 2332 λόγχης’
537 2228 634 2325 coxale
656 2226 880 2331 κεκράτηκεν.

189 2334 348 2405 Secunda
360 2334 471 2403 sonna
492 2347 561 2422 est,
588 2360 654 2427 qua
669 2359 784 2406 caussa
802 2358 867 2428 pro
892 2335 1018 2406 effectu
1037 2333 1244 2419 nominatur,
1268 2339 1305 2399 nt

189 2461 261 2507 uva
279 2461 344 2531 pro
365 2440 462 2525 vino,
488 2441 544 2509 vel
567 2441 708 2510 effectus
730 2463 795 2531 pro
812 2463 943 2527 caussa,
970 2449 1008 2506 ut
1030 2438 1162 2530 palma
1174 2459 1241 2530 pro
1254 2436 1303 2505 ri*

190 2543 306 2614 otoria.
357 2543 477 2610 Tertia
499 2544 645 2633 denique
666 2544 777 2611 forma
799 2553 866 2628 est,
893 2567 960 2632 qna
981 2551 1090 2609 totum
1109 2564 1174 2634 pro
1197 2550 1303 2632 parte,

189 2645 246 2713 rel
259 2668 338 2736 pars
354 2667 419 2735 pro
439 2654 510 2713 toto
525 2649 680 2737 ponitur,
706 2655 745 2713 ut
766 2669 870 2733 quum
885 2645 1033 2738 populus
1047 2667 1112 2736 pro
1126 2667 1213 2735 rege
1225 2646 1303 2727 eins,

190 2748 247 2814 vel
263 2748 333 2815 dux
346 2770 411 2836 pro
428 2749 590 2834 exercitu,
617 2751 714 2839 equi,
739 2757 777 2815 ut
790 2749 884 2840 apud
900 2751 1101 2835 Homerum,
1125 2770 1191 2838 pro
1207 2769 1304 2820 curru

191 2870 271 2920 oum
288 2851 381 2938 equis
394 2852 615 2920 nominantur.

295 2952 462 3037 Quartum
476 2954 621 3044 deniqne
643 2978 749 3046 genus
762 2965 941 3047 troporum
955 2955 1102 3025 continet
1116 2952 1304 3023 translatio-

190 3077 250 3123 nes
272 3078 294 3122 a
316 3058 366 3142 vi,
392 3080 494 3146 quam
517 3081 570 3125 res
596 3058 641 3124 ad
663 3059 810 3126 animum
831 3060 977 3145 habent,
1013 3059 1128 3128 factas.
1194 3059 1305 3146 Atque

192 3168 349 3248 apertum
375 3170 440 3248 est,
470 3158 650 3253 'propriam
672 3162 770 3230 huius
790 3164 922 3253 generis
952 3185 1023 3230 csse
1048 3160 1304 3230 similitudinem.
1335 3228 1340 3235 ,

192 3263 322 3331 Similia
339 3265 427 3333 enim
450 3274 542 3350 sunt,
568 3289 656 3355 quae
681 3266 835 3335 eamdem
860 3267 929 3335 vim
951 3266 996 3333 ad
1012 3265 1113 3333 animi
1126 3264 1305 3356 cogitatio-

192 3387 272 3433 nem
293 3366 349 3435 vel
370 3391 501 3437 sensum
523 3369 661 3437 habent.
719 3372 783 3438 Est
804 3379 915 3438 autern
939 3369 1011 3438 hoc'
1039 3389 1176 3458 quoque
1201 3388 1306 3458 genus

192 3468 293 3535 trium
323 3470 517 3565 formarum.
575 3475 689 3541 Prima
716 3474 761 3541 ad
787 3472 1034 3542 similitudinem
1062 3495 1138 3539 eam
1165 3480 1305 3560 spectat,

193 3594 297 3661 quam
319 3572 525 3663 cogitatione
548 3575 877 3666 comprehendimus.
934 3574 1142 3664 Exemplum
1164 3573 1306 3643 afferam

193 3697 236 3742 ex
255 3676 415 3765 Aeschyli
426 3678 683 3769 Agamemnone
697 3702 728 3747 v.
749 3679 859 3747 1387.
873 3679 1138 3770 italegerrdum:
1164 3678 1205 3767 ¹¹¹)

295 3779 369 3859 uuir
393 3807 463 3876 γαρ
478 3808 533 3862 τις
555 3785 701 3879 ἐχθροῖς
714 3775 834 3880 ἔχθρα
849 3777 1038 3879 πορσύνων
1046 3836 1060 3870 ,
1087 3780 1208 3878 φίλοις

218 3880 518 3956 -δοκοῦσικ
484 3912 599 3973 eruat,
626 3885 786 3983 πημονῆς
806 3880 1042 4009 ἀρκυστάτων

247 3979 480 4085 ppdtec’*
455 4015 500 4061 ακ
521 3985 615 4083 ὕψος
630 3994 794 4086 κρεῖσσον
810 3982 1078 4086 ἐκπηδήματοςς

193 4188 398 4209 m

33 4244 43 4277 Ι

237 4313 267 4402 *)
294 4318 518 4405 Explicatione,
545 4347 608 4389 non
628 4327 816 4427 correctione
835 4326 988 4407 indigebat
1007 4326 1129 4405 volgata
1149 4325 1307 4408 scriptura.
