<?xml version="1.0" encoding="UTF-8"?>
<!DOCTYPE html PUBLIC "-//W3C//DTD XHTML 1.0 Transitional//EN"
    "http://www.w3.org/TR/xhtml1/DTD/xhtml1-transitional.dtd">
<html xmlns="http://www.w3.org/1999/xhtml" xml:lang="en" lang="en">
 <head>
  <title>
</title>
<meta http-equiv="Content-Type" content="text/html;charset=utf-8" />
  <meta name='ocr-system' content='tesseract 3.04.00' />
  <meta name='ocr-capabilities' content='ocr_page ocr_carea ocr_par ocr_line ocrx_word'/>
</head>
<body>
  <div class='ocr_page' id='page_1' title='image "./opuscula02hermgoog/opuscula02hermgoog_0057.png"; bbox 0 0 2826 4904; ppageno 0'>
   <div class='ocr_carea' id='block_1_1' title="bbox 137 301 904 373">
    <p class='ocr_par' dir='ltr' id='par_1_1' title="bbox 137 301 904 373">
     <span class='ocr_line' id='line_1_1' title="bbox 137 301 904 373; baseline -0.001 -11"><span class='ocrx_word' id='word_1_1' title='bbox 137 313 180 373; x_wconf 67' lang='lat'><strong>46</strong></span> <span class='ocrx_word' id='word_1_2' title='bbox 476 303 548 365; x_wconf 85' lang='lat' dir='ltr'><strong>DE</strong></span> <span class='ocrx_word' id='word_1_3' title='bbox 590 301 904 363; x_wconf 76' lang='lat' dir='ltr'><strong>onlna&#39;rn</strong></span> 
     </span>
    </p>
   </div>
   <div class='ocr_carea' id='block_1_2' title="bbox 115 474 1262 2728">
    <p class='ocr_par' dir='ltr' id='par_1_2' title="bbox 115 474 1262 2728">
     <span class='ocr_line' id='line_1_2' title="bbox 115 474 1254 572; baseline -0.002 -22"><span class='ocrx_word' id='word_1_4' title='bbox 115 483 218 572; x_wconf 83' lang='lat' dir='ltr'><strong>quin</strong></span> <span class='ocrx_word' id='word_1_5' title='bbox 239 487 383 568; x_wconf 88' lang='lat' dir='ltr'><strong>utroque</strong></span> <span class='ocrx_word' id='word_1_6' title='bbox 403 479 438 546; x_wconf 88' lang='lat' dir='ltr'><strong>ln</strong></span> <span class='ocrx_word' id='word_1_7' title='bbox 456 478 537 548; x_wconf 85' lang='lat' dir='ltr'><strong>loco</strong></span> <span class='ocrx_word' id='word_1_8' title='bbox 556 475 721 568; x_wconf 79' lang='lat' dir='ltr'><strong>Hesychii</strong></span> <span class='ocrx_word' id='word_1_9' title='bbox 742 498 866 544; x_wconf 90' lang='lat' dir='ltr'><strong>nomen</strong></span> <span class='ocrx_word' id='word_1_10' title='bbox 886 474 1024 544; x_wconf 87' lang='lat' dir='ltr'><strong>fabulae</strong></span> <span class='ocrx_word' id='word_1_11' title='bbox 1039 474 1254 567; x_wconf 78' lang='lat' dir='ltr'><strong>Aeschyleae</strong></span> 
     </span>
     <span class='ocr_line' id='line_1_3' title="bbox 138 578 1255 703; baseline -0.001 -51"><span class='ocrx_word' id='word_1_12' title='bbox 138 598 172 654; x_wconf 84' lang='lat' dir='ltr'><strong>et</strong></span> <span class='ocrx_word' id='word_1_13' title='bbox 186 582 404 673; x_wconf 89' lang='lat' dir='ltr'><strong>Sophocleae</strong></span> <span class='ocrx_word' id='word_1_14' title='bbox 421 581 592 655; x_wconf 83' lang='lat' dir='ltr'><strong>exciderit.</strong></span> <span class='ocrx_word' id='word_1_15' title='bbox 639 578 887 703; x_wconf 74' lang='lat' dir='ltr'><strong>Sophoclem</strong></span> <span class='ocrx_word' id='word_1_16' title='bbox 868 605 907 652; x_wconf 78' lang='grc' dir='ltr'><strong>ιι</strong></span> <span class='ocrx_word' id='word_1_17' title='bbox 922 602 1093 675; x_wconf 80' lang='grc' dir='ltr'>οαιιιροις</span> <span class='ocrx_word' id='word_1_18' title='bbox 1107 580 1255 651; x_wconf 83' lang='lat' dir='ltr'><strong>afferunt</strong></span> 
     </span>
     <span class='ocr_line' id='line_1_4' title="bbox 138 681 1255 774; baseline -0.003 -17"><span class='ocrx_word' id='word_1_19' title='bbox 138 688 307 756; x_wconf 85' lang='lat' dir='ltr'><strong>Zenobins</strong></span> <span class='ocrx_word' id='word_1_20' title='bbox 321 686 478 774; x_wconf 83' lang='lat' dir='ltr'><strong>proverb</strong></span> <span class='ocrx_word' id='word_1_21' title='bbox 498 683 541 751; x_wconf 95' lang='lat' dir='ltr'><strong>ll.</strong></span> <span class='ocrx_word' id='word_1_22' title='bbox 557 683 630 768; x_wconf 75' lang='grc'>80,</span> <span class='ocrx_word' id='word_1_23' title='bbox 660 685 696 753; x_wconf 92' lang='lat' dir='ltr'><strong>in</strong></span> <span class='ocrx_word' id='word_1_24' title='bbox 712 705 792 772; x_wconf 91' lang='lat' dir='ltr'><strong>quo,</strong></span> <span class='ocrx_word' id='word_1_25' title='bbox 817 690 866 750; x_wconf 90' lang='lat' dir='ltr'><strong>ut</strong></span> <span class='ocrx_word' id='word_1_26' title='bbox 869 681 1104 769; x_wconf 81' lang='lat' dir='ltr'><strong>inHesychio,</strong></span> <span class='ocrx_word' id='word_1_27' title='bbox 1129 706 1255 755; x_wconf 87' lang='lat' dir='ltr'><strong>nomen</strong></span> 
     </span>
     <span class='ocr_line' id='line_1_5' title="bbox 137 784 1254 869; baseline -0.003 -9"><span class='ocrx_word' id='word_1_28' title='bbox 137 791 275 860; x_wconf 84' lang='lat' dir='ltr'><strong>fabulae</strong></span> <span class='ocrx_word' id='word_1_29' title='bbox 290 789 450 856; x_wconf 89' lang='lat' dir='ltr'><strong>omissum</strong></span> <span class='ocrx_word' id='word_1_30' title='bbox 471 787 632 856; x_wconf 80' lang='lat' dir='ltr'><strong>credibile</strong></span> <span class='ocrx_word' id='word_1_31' title='bbox 648 797 706 869; x_wconf 77' lang='lat' dir='ltr'><strong>est,</strong></span> <span class='ocrx_word' id='word_1_32' title='bbox 732 797 766 856; x_wconf 89' lang='lat' dir='ltr'><strong>et</strong></span> <span class='ocrx_word' id='word_1_33' title='bbox 773 784 946 867; x_wconf 85' lang='lat' dir='ltr'><strong>Anstrdes,</strong></span> <span class='ocrx_word' id='word_1_34' title='bbox 966 789 1196 855; x_wconf 80' lang='lat' dir='ltr'><strong>memoratus</strong></span> <span class='ocrx_word' id='word_1_35' title='bbox 1186 810 1254 858; x_wconf 87' lang='lat' dir='ltr'><strong>ram</strong></span> 
     </span>
     <span class='ocr_line' id='line_1_6' title="bbox 137 884 1255 981; baseline -0.002 -19"><span class='ocrx_word' id='word_1_36' title='bbox 137 893 339 963; x_wconf 74' lang='lat' dir='ltr'><strong>casaubono</strong></span> <span class='ocrx_word' id='word_1_37' title='bbox 354 890 471 958; x_wconf 82' lang='lat' dir='ltr'><strong>deaut</strong></span> <span class='ocrx_word' id='word_1_38' title='bbox 486 892 584 981; x_wconf 91' lang='lat' dir='ltr'><strong>poesi</strong></span> <span class='ocrx_word' id='word_1_39' title='bbox 597 913 632 980; x_wconf 89' lang='lat' dir='ltr'><strong>p.</strong></span> <span class='ocrx_word' id='word_1_40' title='bbox 648 884 734 958; x_wconf 78' lang='lat'><strong>135.</strong></span> <span class='ocrx_word' id='word_1_41' title='bbox 785 890 894 956; x_wconf 81' lang='lat' dir='ltr'><strong>Recte</strong></span> <span class='ocrx_word' id='word_1_42' title='bbox 907 886 967 955; x_wconf 89' lang='lat' dir='ltr'><strong>hic</strong></span> <span class='ocrx_word' id='word_1_43' title='bbox 979 887 1129 976; x_wconf 88' lang='lat' dir='ltr'><strong>quidem,</strong></span> <span class='ocrx_word' id='word_1_44' title='bbox 1141 914 1255 980; x_wconf 84' lang='lat' dir='ltr'><strong>neque</strong></span> 
     </span>
     <span class='ocr_line' id='line_1_7' title="bbox 139 989 1256 1088; baseline -0.002 -24"><span class='ocrx_word' id='word_1_45' title='bbox 139 1018 242 1088; x_wconf 80' lang='lat' dir='ltr'><strong>egem</strong></span> <span class='ocrx_word' id='word_1_46' title='bbox 255 994 505 1068; x_wconf 86' lang='lat' dir='ltr'><strong>emendationis.</strong></span> <span class='ocrx_word' id='word_1_47' title='bbox 545 994 711 1081; x_wconf 75' lang='lat' dir='ltr'><strong>Loquitur</strong></span> <span class='ocrx_word' id='word_1_48' title='bbox 724 991 813 1060; x_wconf 91' lang='lat' dir='ltr'><strong>enim</strong></span> <span class='ocrx_word' id='word_1_49' title='bbox 825 990 870 1059; x_wconf 89' lang='lat' dir='ltr'><strong>de</strong></span> <span class='ocrx_word' id='word_1_50' title='bbox 883 989 1027 1076; x_wconf 75' lang='lat' dir='ltr'><strong>Helena,</strong></span> <span class='ocrx_word' id='word_1_51' title='bbox 1043 1015 1107 1063; x_wconf 86' lang='lat' dir='ltr'><strong>uec</strong></span> <span class='ocrx_word' id='word_1_52' title='bbox 1119 996 1256 1062; x_wconf 91' lang='lat' dir='ltr'><strong>nomine</strong></span> 
     </span>
     <span class='ocr_line' id='line_1_8' title="bbox 139 1092 1255 1189; baseline -0.003 -20"><span class='ocrx_word' id='word_1_53' title='bbox 139 1121 226 1189; x_wconf 90' lang='lat' dir='ltr'><strong>opus</strong></span> <span class='ocrx_word' id='word_1_54' title='bbox 245 1098 351 1166; x_wconf 86' lang='lat' dir='ltr'><strong>habet</strong></span> <span class='ocrx_word' id='word_1_55' title='bbox 369 1097 526 1182; x_wconf 85' lang='lat' dir='ltr'><strong>fabulae,</strong></span> <span class='ocrx_word' id='word_1_56' title='bbox 555 1100 662 1186; x_wconf 82' lang='lat' dir='ltr'><strong>quum</strong></span> <span class='ocrx_word' id='word_1_57' title='bbox 684 1117 725 1162; x_wconf 85' lang='lat' dir='ltr'><strong>ex</strong></span> <span class='ocrx_word' id='word_1_58' title='bbox 747 1096 822 1186; x_wconf 88' lang='lat' dir='ltr'><strong>ipsa</strong></span> <span class='ocrx_word' id='word_1_59' title='bbox 836 1092 989 1161; x_wconf 78' lang='lat' dir='ltr'><strong>Helenae</strong></span> <span class='ocrx_word' id='word_1_60' title='bbox 1006 1098 1176 1165; x_wconf 85' lang='lat' dir='ltr'><strong>mentione</strong></span> <span class='ocrx_word' id='word_1_61' title='bbox 1190 1119 1255 1189; x_wconf 89' lang='lat' dir='ltr'><strong>pa-</strong></span> 
     </span>
     <span class='ocr_line' id='line_1_9' title="bbox 137 1195 1256 1298; baseline -0.001 -28"><span class='ocrx_word' id='word_1_62' title='bbox 137 1212 206 1270; x_wconf 84' lang='lat' dir='ltr'><strong>teat</strong></span> <span class='ocrx_word' id='word_1_63' title='bbox 226 1200 369 1291; x_wconf 80' lang='lat' dir='ltr'><strong>intelligi</strong></span> <span class='ocrx_word' id='word_1_64' title='bbox 388 1199 530 1298; x_wconf 80' lang='grc' dir='ltr'>Ἑλιίης</span> <span class='ocrx_word' id='word_1_65' title='bbox 551 1195 746 1295; x_wconf 76' lang='grc' dir='ltr'><strong>ἀπαίτησιν</strong></span> <span class='ocrx_word' id='word_1_66' title='bbox 754 1219 896 1286; x_wconf 82' lang='lat' dir='ltr'><strong>,quam</strong></span> <span class='ocrx_word' id='word_1_67' title='bbox 911 1197 1063 1265; x_wconf 89' lang='lat' dir='ltr'><strong>fabulam</strong></span> <span class='ocrx_word' id='word_1_68' title='bbox 1079 1202 1256 1290; x_wconf 77' lang='lat' dir='ltr'><strong>satyricum</strong></span> 
     </span>
     <span class='ocr_line' id='line_1_10' title="bbox 137 1301 1257 1392; baseline -0.002 -17"><span class='ocrx_word' id='word_1_69' title='bbox 137 1306 259 1390; x_wconf 84' lang='lat' dir='ltr'><strong>fuisse,</strong></span> <span class='ocrx_word' id='word_1_70' title='bbox 286 1304 380 1388; x_wconf 83' lang='lat' dir='ltr'><strong>licet,</strong></span> <span class='ocrx_word' id='word_1_71' title='bbox 405 1303 500 1392; x_wconf 92' lang='lat' dir='ltr'><strong>quod</strong></span> <span class='ocrx_word' id='word_1_72' title='bbox 520 1302 679 1390; x_wconf 86' lang='lat' dir='ltr'><strong>equidem</strong></span> <span class='ocrx_word' id='word_1_73' title='bbox 698 1301 820 1385; x_wconf 86' lang='lat' dir='ltr'><strong>sciam,</strong></span> <span class='ocrx_word' id='word_1_74' title='bbox 853 1321 955 1366; x_wconf 91' lang='lat' dir='ltr'><strong>nemo</strong></span> <span class='ocrx_word' id='word_1_75' title='bbox 977 1301 1257 1391; x_wconf 83' lang='lat' dir='ltr'><strong>animadverterit,</strong></span> 
     </span>
     <span class='ocr_line' id='line_1_11' title="bbox 137 1402 1256 1498; baseline 0.001 -22"><span class='ocrx_word' id='word_1_76' title='bbox 137 1410 216 1477; x_wconf 84' lang='lat' dir='ltr'><strong>sutis</strong></span> <span class='ocrx_word' id='word_1_77' title='bbox 238 1417 351 1475; x_wconf 83' lang='lat' dir='ltr'><strong>tomen</strong></span> <span class='ocrx_word' id='word_1_78' title='bbox 372 1406 564 1498; x_wconf 83' lang='lat' dir='ltr'><strong>fragmenta</strong></span> <span class='ocrx_word' id='word_1_79' title='bbox 581 1413 734 1496; x_wconf 78' lang='lat' dir='ltr'><strong>arguunt.</strong></span> <span class='ocrx_word' id='word_1_80' title='bbox 786 1404 894 1471; x_wconf 88' lang='lat' dir='ltr'><strong>Porro</strong></span> <span class='ocrx_word' id='word_1_81' title='bbox 910 1402 1104 1473; x_wconf 82' lang='lat' dir='ltr'><strong>Athenaeus</strong></span> <span class='ocrx_word' id='word_1_82' title='bbox 1118 1429 1155 1496; x_wconf 88' lang='lat' dir='ltr'><strong>p.</strong></span> <span class='ocrx_word' id='word_1_83' title='bbox 1167 1405 1256 1477; x_wconf 77' lang='grc'><strong>438.</strong></span> 
     </span>
     <span class='ocr_line' id='line_1_12' title="bbox 136 1502 1257 1602; baseline -0.003 -20"><span class='ocrx_word' id='word_1_84' title='bbox 136 1512 180 1582; x_wconf 81' lang='grc' dir='ltr'><strong>Α.</strong></span> <span class='ocrx_word' id='word_1_85' title='bbox 196 1509 356 1579; x_wconf 89' lang='lat' dir='ltr'><strong>eumdem</strong></span> <span class='ocrx_word' id='word_1_86' title='bbox 369 1520 509 1600; x_wconf 88' lang='lat' dir='ltr'><strong>poetam</strong></span> <span class='ocrx_word' id='word_1_87' title='bbox 520 1509 638 1576; x_wconf 88' lang='lat' dir='ltr'><strong>laudat</strong></span> <span class='ocrx_word' id='word_1_88' title='bbox 652 1512 689 1579; x_wconf 77' lang='grc' dir='ltr'><strong>ἐν</strong></span> <span class='ocrx_word' id='word_1_89' title='bbox 711 1502 872 1601; x_wconf 75' lang='grc' dir='ltr'>δράματι</span> <span class='ocrx_word' id='word_1_90' title='bbox 889 1509 1080 1602; x_wconf 73' lang='grc' dir='ltr'><strong><em>σατυρικῷ.</em></strong></span> <span class='ocrx_word' id='word_1_91' title='bbox 1111 1509 1191 1578; x_wconf 79' lang='lat' dir='ltr'><strong>Non</strong></span> <span class='ocrx_word' id='word_1_92' title='bbox 1201 1534 1257 1579; x_wconf 88' lang='lat' dir='ltr'><strong>ao-</strong></span> 
     </span>
     <span class='ocr_line' id='line_1_13' title="bbox 137 1607 1258 1702; baseline 0.001 -20"><span class='ocrx_word' id='word_1_93' title='bbox 137 1615 209 1682; x_wconf 86' lang='lat' dir='ltr'><strong>lent</strong></span> <span class='ocrx_word' id='word_1_94' title='bbox 221 1613 377 1702; x_wconf 87' lang='lat' dir='ltr'><strong>italoqni</strong></span> <span class='ocrx_word' id='word_1_95' title='bbox 395 1616 442 1699; x_wconf 78' lang='lat'><strong>2).</strong></span> <span class='ocrx_word' id='word_1_96' title='bbox 474 1611 589 1696; x_wconf 83' lang='lat' dir='ltr'><strong>Quare</strong></span> <span class='ocrx_word' id='word_1_97' title='bbox 600 1609 765 1693; x_wconf 84' lang='lat' dir='ltr'><strong>adducor,</strong></span> <span class='ocrx_word' id='word_1_98' title='bbox 789 1618 827 1675; x_wconf 89' lang='lat' dir='ltr'><strong>nt</strong></span> <span class='ocrx_word' id='word_1_99' title='bbox 839 1607 975 1676; x_wconf 85' lang='lat' dir='ltr'><strong>alicuius</strong></span> <span class='ocrx_word' id='word_1_100' title='bbox 992 1610 1258 1683; x_wconf 79' lang='lat' dir='ltr'><strong>fabulaenomen</strong></span> 
     </span>
     <span class='ocr_line' id='line_1_14' title="bbox 138 1710 1262 1812; baseline 0.001 -29"><span class='ocrx_word' id='word_1_101' title='bbox 138 1739 204 1809; x_wconf 93' lang='lat' dir='ltr'><strong>pro</strong></span> <span class='ocrx_word' id='word_1_102' title='bbox 237 1710 399 1812; x_wconf 76' lang='grc' dir='ltr'>δράματι</span> <span class='ocrx_word' id='word_1_103' title='bbox 428 1715 669 1784; x_wconf 82' lang='lat' dir='ltr'><strong>restituendum</strong></span> <span class='ocrx_word' id='word_1_104' title='bbox 696 1722 825 1802; x_wconf 85' lang='lat' dir='ltr'><strong>putem.</strong></span> <span class='ocrx_word' id='word_1_105' title='bbox 876 1711 1035 1779; x_wconf 77' lang='lat' dir='ltr'><strong>Fortasse</strong></span> <span class='ocrx_word' id='word_1_106' title='bbox 1060 1716 1195 1807; x_wconf 81' lang='lat' dir='ltr'><strong>scripsit</strong></span> <span class='ocrx_word' id='word_1_107' title='bbox 1220 1724 1262 1792; x_wconf 65' lang='grc' dir='ltr'><strong>ἐν</strong></span> 
     </span>
     <span class='ocr_line' id='line_1_15' title="bbox 139 1815 1260 1912; baseline -0.005 -19"><span class='ocrx_word' id='word_1_108' title='bbox 139 1824 336 1908; x_wconf 78' lang='grc' dir='ltr'><strong><em>Σαλμωνεῖ</em></strong></span> <span class='ocrx_word' id='word_1_109' title='bbox 358 1818 550 1912; x_wconf 75' lang='grc' dir='ltr'>σατυρικῷ</span> <span class='ocrx_word' id='word_1_110' title='bbox 607 1817 706 1885; x_wconf 91' lang='lat' dir='ltr'><strong>ldem</strong></span> <span class='ocrx_word' id='word_1_111' title='bbox 730 1836 854 1882; x_wconf 90' lang='lat' dir='ltr'><strong>nomen</strong></span> <span class='ocrx_word' id='word_1_112' title='bbox 872 1815 1070 1884; x_wconf 82' lang='lat' dir='ltr'><strong>Bentleius</strong></span> <span class='ocrx_word' id='word_1_113' title='bbox 1061 1840 1096 1884; x_wconf 87' lang='grc' dir='ltr'><strong>ιιι</strong></span> <span class='ocrx_word' id='word_1_114' title='bbox 1115 1820 1260 1910; x_wconf 85' lang='lat' dir='ltr'><strong>epistola</strong></span> 
     </span>
     <span class='ocr_line' id='line_1_16' title="bbox 141 1917 1259 2010; baseline -0.003 -21"><span class='ocrx_word' id='word_1_115' title='bbox 141 1922 186 1989; x_wconf 83' lang='lat' dir='ltr'><strong>ad</strong></span> <span class='ocrx_word' id='word_1_116' title='bbox 208 1920 358 1988; x_wconf 89' lang='lat' dir='ltr'><strong>Millium</strong></span> <span class='ocrx_word' id='word_1_117' title='bbox 378 1920 529 1987; x_wconf 86' lang='lat' dir='ltr'><strong>reddidit</strong></span> <span class='ocrx_word' id='word_1_118' title='bbox 555 1920 779 2003; x_wconf 88' lang='lat' dir='ltr'><strong>Galeno‚in</strong></span> <span class='ocrx_word' id='word_1_119' title='bbox 742 1939 877 2007; x_wconf 86' lang='lat' dir='ltr'><strong>mquo</strong></span> <span class='ocrx_word' id='word_1_120' title='bbox 904 1917 1127 2010; x_wconf 85' lang='lat' dir='ltr'><strong>legebatur</strong></span> <span class='ocrx_word' id='word_1_121' title='bbox 1109 1949 1148 1995; x_wconf 75' lang='grc' dir='ltr'><strong>εν</strong></span> <span class='ocrx_word' id='word_1_122' title='bbox 1175 1929 1259 1997; x_wconf 69' lang='grc' dir='ltr'><strong>Σα-</strong></span> 
     </span>
     <span class='ocr_line' id='line_1_17' title="bbox 140 2019 1259 2119; baseline -0.001 -24"><span class='ocrx_word' id='word_1_123' title='bbox 140 2023 273 2119; x_wconf 78' lang='grc' dir='ltr'><strong><em>λαμίνῃ</em></strong></span> <span class='ocrx_word' id='word_1_124' title='bbox 309 2023 490 2117; x_wconf 77' lang='grc' dir='ltr'>σατυρικῷ</span> <span class='ocrx_word' id='word_1_125' title='bbox 522 2020 569 2114; x_wconf 76' lang='lat'><strong>³.)</strong></span> <span class='ocrx_word' id='word_1_126' title='bbox 621 2022 792 2112; x_wconf 83' lang='lat' dir='ltr'><strong>Corrupto</strong></span> <span class='ocrx_word' id='word_1_127' title='bbox 817 2019 985 2089; x_wconf 83' lang='lat' dir='ltr'><strong>Athenaei</strong></span> <span class='ocrx_word' id='word_1_128' title='bbox 1012 2025 1092 2091; x_wconf 91' lang='lat' dir='ltr'><strong>loco</strong></span> <span class='ocrx_word' id='word_1_129' title='bbox 1125 2026 1259 2098; x_wconf 84' lang='lat' dir='ltr'><strong>Brunc-</strong></span> 
     </span>
     <span class='ocr_line' id='line_1_18' title="bbox 138 2123 1258 2217; baseline 0.004 -22"><span class='ocrx_word' id='word_1_130' title='bbox 138 2127 213 2195; x_wconf 80' lang='lat' dir='ltr'><strong>lrius</strong></span> <span class='ocrx_word' id='word_1_131' title='bbox 229 2124 317 2195; x_wconf 87' lang='lat' dir='ltr'><strong>adeo</strong></span> <span class='ocrx_word' id='word_1_132' title='bbox 331 2148 368 2192; x_wconf 90' lang='lat' dir='ltr'><strong>se</strong></span> <span class='ocrx_word' id='word_1_133' title='bbox 380 2125 496 2217; x_wconf 84' lang='lat' dir='ltr'><strong>dccipr¹</strong></span> <span class='ocrx_word' id='word_1_134' title='bbox 511 2148 627 2215; x_wconf 82' lang='lat' dir='ltr'><strong>passus</strong></span> <span class='ocrx_word' id='word_1_135' title='bbox 644 2135 710 2210; x_wconf 84' lang='lat' dir='ltr'><strong>est,</strong></span> <span class='ocrx_word' id='word_1_136' title='bbox 739 2134 778 2192; x_wconf 92' lang='lat' dir='ltr'><strong>ut</strong></span> <span class='ocrx_word' id='word_1_137' title='bbox 790 2124 825 2191; x_wconf 91' lang='lat' dir='ltr'><strong>in</strong></span> <span class='ocrx_word' id='word_1_138' title='bbox 838 2123 949 2192; x_wconf 80' lang='lat' dir='ltr'><strong>lexico</strong></span> <span class='ocrx_word' id='word_1_139' title='bbox 963 2126 1185 2217; x_wconf 88' lang='lat' dir='ltr'><strong>Sophocleo</strong></span> <span class='ocrx_word' id='word_1_140' title='bbox 1175 2150 1220 2197; x_wconf 92' lang='grc' dir='ltr'><strong>ιιι</strong></span> <span class='ocrx_word' id='word_1_141' title='bbox 1228 2152 1258 2199; x_wconf 83' lang='grc' dir='ltr'><strong>ι.</strong></span> 
     </span>
     <span class='ocr_line' id='line_1_19' title="bbox 140 2227 1261 2332; baseline 0.003 -29"><span class='ocrx_word' id='word_1_142' title='bbox 140 2230 279 2303; x_wconf 79' lang='grc' dir='ltr'>ἄλυποι</span> <span class='ocrx_word' id='word_1_143' title='bbox 295 2229 411 2296; x_wconf 86' lang='lat' dir='ltr'><strong>locam</strong></span> <span class='ocrx_word' id='word_1_144' title='bbox 426 2229 526 2297; x_wconf 82' lang='lat' dir='ltr'><strong>lexici</strong></span> <span class='ocrx_word' id='word_1_145' title='bbox 536 2229 613 2297; x_wconf 89' lang='lat' dir='ltr'><strong>MS.</strong></span> <span class='ocrx_word' id='word_1_146' title='bbox 628 2229 807 2320; x_wconf 79' lang='lat' dir='ltr'><strong>Sangerm.</strong></span> <span class='ocrx_word' id='word_1_147' title='bbox 817 2227 863 2295; x_wconf 89' lang='lat' dir='ltr'><strong>ita</strong></span> <span class='ocrx_word' id='word_1_148' title='bbox 871 2229 1046 2298; x_wconf 75' lang='lat' dir='ltr'><strong>scriberetz</strong></span> <span class='ocrx_word' id='word_1_149' title='bbox 1071 2237 1261 2332; x_wconf 71' lang='grc' dir='ltr'><strong><em>Σοφοκλῆς</em></strong></span> 
     </span>
     <span class='ocr_line' id='line_1_20' title="bbox 141 2332 1260 2428; baseline -0.001 -22"><span class='ocrx_word' id='word_1_150' title='bbox 141 2333 180 2406; x_wconf 74' lang='grc' dir='ltr'><strong>ἔν</strong></span> <span class='ocrx_word' id='word_1_151' title='bbox 203 2332 511 2426; x_wconf 34' lang='grc' dir='ltr'>τῳ-,Διοιυσιαιῷ</span> <span class='ocrx_word' id='word_1_152' title='bbox 535 2332 736 2428; x_wconf 69' lang='grc' dir='ltr'>σατυρικῷ,</span> <span class='ocrx_word' id='word_1_153' title='bbox 762 2343 795 2399; x_wconf 88' lang='lat' dir='ltr'><strong>et</strong></span> <span class='ocrx_word' id='word_1_154' title='bbox 807 2332 843 2399; x_wconf 92' lang='lat' dir='ltr'><strong>in</strong></span> <span class='ocrx_word' id='word_1_155' title='bbox 861 2355 893 2398; x_wconf 85' lang='lat' dir='ltr'><strong>r.</strong></span> <span class='ocrx_word' id='word_1_156' title='bbox 909 2335 1066 2422; x_wconf 75' lang='grc' dir='ltr'><strong><em>θωχθεὶς</em></strong></span> <span class='ocrx_word' id='word_1_157' title='bbox 1080 2336 1173 2425; x_wconf 89' lang='lat' dir='ltr'><strong>apud</strong></span> <span class='ocrx_word' id='word_1_158' title='bbox 1186 2337 1260 2405; x_wconf 83' lang='lat' dir='ltr'><strong>lle-</strong></span> 
     </span>
     <span class='ocr_line' id='line_1_21' title="bbox 140 2434 1261 2530; baseline 0.008 -26"><span class='ocrx_word' id='word_1_159' title='bbox 140 2434 293 2526; x_wconf 83' lang='lat' dir='ltr'><strong>sychinin</strong></span> <span class='ocrx_word' id='word_1_160' title='bbox 301 2457 365 2527; x_wconf 88' lang='lat' dir='ltr'><strong>pro</strong></span> <span class='ocrx_word' id='word_1_161' title='bbox 379 2436 569 2530; x_wconf 69' lang='grc' dir='ltr'><strong><em>Σοφοκλῆς</em></strong></span> <span class='ocrx_word' id='word_1_162' title='bbox 578 2434 810 2527; x_wconf 77' lang='grc' dir='ltr'>Διονυσιαιῷ</span> <span class='ocrx_word' id='word_1_163' title='bbox 823 2435 944 2523; x_wconf 88' lang='lat' dir='ltr'><strong>reponi</strong></span> <span class='ocrx_word' id='word_1_164' title='bbox 955 2436 1060 2503; x_wconf 87' lang='lat' dir='ltr'><strong>vellet</strong></span> <span class='ocrx_word' id='word_1_165' title='bbox 1072 2443 1110 2509; x_wconf 80' lang='grc' dir='ltr'><strong>ἐι</strong></span> <span class='ocrx_word' id='word_1_166' title='bbox 1127 2439 1261 2512; x_wconf 72' lang='lat' dir='ltr'><strong>Arosa-</strong></span> 
     </span>
     <span class='ocr_line' id='line_1_22' title="bbox 140 2537 1260 2633; baseline 0.001 -23"><span class='ocrx_word' id='word_1_167' title='bbox 140 2538 254 2633; x_wconf 76' lang='lat' dir='ltr'><strong>otuuqi</strong></span> <span class='ocrx_word' id='word_1_168' title='bbox 268 2565 344 2610; x_wconf 75' lang='grc' dir='ltr'>τινι</span> <span class='ocrx_word' id='word_1_169' title='bbox 362 2538 545 2630; x_wconf 76' lang='grc' dir='ltr'><strong>σατυρικῷ</strong></span> <span class='ocrx_word' id='word_1_170' title='bbox 552 2587 561 2613; x_wconf 82' lang='lat'>‚</span> <span class='ocrx_word' id='word_1_171' title='bbox 588 2560 656 2625; x_wconf 89' lang='lat' dir='ltr'><strong>qua</strong></span> <span class='ocrx_word' id='word_1_172' title='bbox 668 2537 798 2602; x_wconf 85' lang='lat' dir='ltr'><strong>ratione</strong></span> <span class='ocrx_word' id='word_1_173' title='bbox 813 2546 914 2602; x_wconf 87' lang='lat' dir='ltr'><strong>nern&#39;o</strong></span> <span class='ocrx_word' id='word_1_174' title='bbox 930 2559 1089 2625; x_wconf 87' lang='lat' dir='ltr'><strong>umquam</strong></span> <span class='ocrx_word' id='word_1_175' title='bbox 1102 2540 1260 2628; x_wconf 78' lang='lat' dir='ltr'><strong>loquutus</strong></span> 
     </span>
     <span class='ocr_line' id='line_1_23' title="bbox 140 2637 1261 2728; baseline -0.01 -20"><span class='ocrx_word' id='word_1_176' title='bbox 140 2651 199 2709; x_wconf 86' lang='lat' dir='ltr'><strong>est.</strong></span> <span class='ocrx_word' id='word_1_177' title='bbox 249 2640 359 2706; x_wconf 89' lang='lat' dir='ltr'><strong>Immo</strong></span> <span class='ocrx_word' id='word_1_178' title='bbox 371 2649 464 2706; x_wconf 86' lang='lat' dir='ltr'><strong>recte</strong></span> <span class='ocrx_word' id='word_1_179' title='bbox 476 2639 555 2704; x_wconf 88' lang='lat' dir='ltr'><strong>MS.</strong></span> <span class='ocrx_word' id='word_1_180' title='bbox 570 2637 747 2728; x_wconf 81' lang='lat' dir='ltr'><strong>Saugerm.</strong></span> <span class='ocrx_word' id='word_1_181' title='bbox 757 2637 853 2725; x_wconf 90' lang='lat' dir='ltr'><strong>apud</strong></span> <span class='ocrx_word' id='word_1_182' title='bbox 865 2637 1124 2707; x_wconf 80' lang='lat' dir='ltr'><strong>Valckenarium</strong></span> <span class='ocrx_word' id='word_1_183' title='bbox 1140 2644 1261 2713; x_wconf 86' lang='lat' dir='ltr'><strong>india.</strong></span> 
     </span>
    </p>
   </div>
   <div class='ocr_carea' id='block_1_3' title="bbox 56 2737 1304 3652">
    <p class='ocr_par' dir='ltr' id='par_1_3' title="bbox 84 2737 1304 3246">
     <span class='ocr_line' id='line_1_24' title="bbox 84 2737 1262 2837; baseline 0.007 -29"><span class='ocrx_word' id='word_1_184' title='bbox 84 2815 87 2830; x_wconf 39' lang='grc' dir='ltr'>Ι</span> <span class='ocrx_word' id='word_1_185' title='bbox 137 2743 228 2809; x_wconf 89' lang='lat' dir='ltr'><strong>triba</strong></span> <span class='ocrx_word' id='word_1_186' title='bbox 241 2762 277 2828; x_wconf 86' lang='lat' dir='ltr'><strong>p.</strong></span> <span class='ocrx_word' id='word_1_187' title='bbox 296 2737 382 2807; x_wconf 69' lang='lat'><strong>179.</strong></span> <span class='ocrx_word' id='word_1_188' title='bbox 396 2738 504 2805; x_wconf 87' lang='lat' dir='ltr'><strong>habet</strong></span> <span class='ocrx_word' id='word_1_189' title='bbox 517 2743 556 2811; x_wconf 80' lang='grc' dir='ltr'><strong>ἐι</strong></span> <span class='ocrx_word' id='word_1_190' title='bbox 574 2741 627 2831; x_wconf 75' lang='lat' dir='ltr'><strong>uqi</strong></span> <span class='ocrx_word' id='word_1_191' title='bbox 643 2739 875 2833; x_wconf 76' lang='grc' dir='ltr'>Διοιυσιακῷ</span> <span class='ocrx_word' id='word_1_192' title='bbox 889 2743 1070 2837; x_wconf 71' lang='grc' dir='ltr'>σατυρικῷ</span> <span class='ocrx_word' id='word_1_193' title='bbox 1080 2744 1132 2835; x_wconf 84' lang='lat'><strong>4).</strong></span> <span class='ocrx_word' id='word_1_194' title='bbox 1172 2749 1262 2832; x_wconf 80' lang='lat' dir='ltr'><strong>Quin</strong></span> 
     </span>
     <span class='ocr_line' id='line_1_25' title="bbox 140 2840 1263 2930; baseline 0.008 -19"><span class='ocrx_word' id='word_1_195' title='bbox 140 2843 277 2911; x_wconf 91' lang='lat' dir='ltr'><strong>omniuo</strong></span> <span class='ocrx_word' id='word_1_196' title='bbox 299 2841 539 2930; x_wconf 84' lang='lat' dir='ltr'><strong>Dionysiacum</strong></span> <span class='ocrx_word' id='word_1_197' title='bbox 559 2840 792 2908; x_wconf 86' lang='lat' dir='ltr'><strong>nondebebat</strong></span> <span class='ocrx_word' id='word_1_198' title='bbox 805 2843 995 2912; x_wconf 84' lang='lat' dir='ltr'><strong>Brnuokina</strong></span> <span class='ocrx_word' id='word_1_199' title='bbox 1012 2869 1031 2912; x_wconf 92' lang='lat' dir='ltr'><strong>e</strong></span> <span class='ocrx_word' id='word_1_200' title='bbox 1051 2869 1192 2917; x_wconf 89' lang='lat' dir='ltr'><strong>numero</strong></span> <span class='ocrx_word' id='word_1_201' title='bbox 1210 2852 1263 2919; x_wconf 81' lang='lat' dir='ltr'><strong>fa-</strong></span> 
     </span>
     <span class='ocr_line' id='line_1_26' title="bbox 139 2932 1264 3044; baseline 0.008 -30"><span class='ocrx_word' id='word_1_202' title='bbox 139 2932 297 3014; x_wconf 81' lang='lat' dir='ltr'><strong>bularum</strong></span> <span class='ocrx_word' id='word_1_203' title='bbox 313 2942 498 3034; x_wconf 75' lang='lat' dir='ltr'><strong>Sophoclis</strong></span> <span class='ocrx_word' id='word_1_204' title='bbox 510 2966 721 3037; x_wconf 78' lang='lat' dir='ltr'><strong>expungere:</strong></span> <span class='ocrx_word' id='word_1_205' title='bbox 745 2945 840 3033; x_wconf 90' lang='lat' dir='ltr'><strong>quod</strong></span> <span class='ocrx_word' id='word_1_206' title='bbox 852 2968 976 3016; x_wconf 90' lang='lat' dir='ltr'><strong>nomeu</strong></span> <span class='ocrx_word' id='word_1_207' title='bbox 991 2949 1150 3019; x_wconf 77' lang='lat' dir='ltr'><strong>indidisse</strong></span> <span class='ocrx_word' id='word_1_208' title='bbox 1159 2965 1264 3044; x_wconf 85' lang='lat' dir='ltr'><strong>poeta</strong></span> 
     </span>
     <span class='ocr_line' id='line_1_27' title="bbox 139 3047 1304 3146; baseline 0.01 -31"><span class='ocrx_word' id='word_1_209' title='bbox 139 3048 192 3116; x_wconf 93' lang='lat' dir='ltr'><strong>illi</strong></span> <span class='ocrx_word' id='word_1_210' title='bbox 205 3047 345 3116; x_wconf 82' lang='lat' dir='ltr'><strong>fabulae</strong></span> <span class='ocrx_word' id='word_1_211' title='bbox 362 3070 403 3115; x_wconf 84' lang='lat' dir='ltr'><strong>ex</strong></span> <span class='ocrx_word' id='word_1_212' title='bbox 421 3071 463 3114; x_wconf 90' lang='lat' dir='ltr'><strong>eo</strong></span> <span class='ocrx_word' id='word_1_213' title='bbox 478 3048 622 3132; x_wconf 86' lang='lat' dir='ltr'><strong>videtur,</strong></span> <span class='ocrx_word' id='word_1_214' title='bbox 648 3047 742 3136; x_wconf 92' lang='lat' dir='ltr'><strong>quod</strong></span> <span class='ocrx_word' id='word_1_215' title='bbox 757 3047 825 3115; x_wconf 86' lang='lat' dir='ltr'><strong>vini</strong></span> <span class='ocrx_word' id='word_1_216' title='bbox 836 3049 982 3118; x_wconf 82' lang='lat' dir='ltr'><strong>inventio</strong></span> <span class='ocrx_word' id='word_1_217' title='bbox 996 3053 1065 3120; x_wconf 83' lang='lat' dir='ltr'><strong>eins</strong></span> <span class='ocrx_word' id='word_1_218' title='bbox 1081 3077 1263 3146; x_wconf 81' lang='lat' dir='ltr'><strong>argumen-</strong></span> <span class='ocrx_word' id='word_1_219' title='bbox 1302 3136 1304 3143; x_wconf 48' lang='grc'>,</span> 
     </span>
     <span class='ocr_line' id='line_1_28' title="bbox 139 3150 1264 3246; baseline 0.009 -26"><span class='ocrx_word' id='word_1_220' title='bbox 139 3162 212 3220; x_wconf 92' lang='lat' dir='ltr'><strong>tum</strong></span> <span class='ocrx_word' id='word_1_221' title='bbox 240 3159 333 3219; x_wconf 75' lang='lat' dir='ltr'><strong>esset.-</strong></span> <span class='ocrx_word' id='word_1_222' title='bbox 385 3150 487 3219; x_wconf 85' lang='lat' dir='ltr'><strong>Certe</strong></span> <span class='ocrx_word' id='word_1_223' title='bbox 509 3150 581 3222; x_wconf 89' lang='lat' dir='ltr'><strong>hoc</strong></span> <span class='ocrx_word' id='word_1_224' title='bbox 606 3173 648 3218; x_wconf 83' lang='lat' dir='ltr'><strong>ex</strong></span> <span class='ocrx_word' id='word_1_225' title='bbox 668 3152 729 3218; x_wconf 88' lang='lat' dir='ltr'><strong>illo</strong></span> <span class='ocrx_word' id='word_1_226' title='bbox 752 3152 852 3220; x_wconf 84' lang='lat' dir='ltr'><strong>lexici</strong></span> <span class='ocrx_word' id='word_1_227' title='bbox 876 3154 1052 3246; x_wconf 76' lang='lat' dir='ltr'><strong>Sangerm.</strong></span> <span class='ocrx_word' id='word_1_228' title='bbox 1071 3159 1150 3226; x_wconf 90' lang='lat' dir='ltr'><strong>loco</strong></span> <span class='ocrx_word' id='word_1_229' title='bbox 1174 3163 1264 3230; x_wconf 86' lang='lat' dir='ltr'><strong>clare</strong></span> 
     </span>
    </p>

    <p class='ocr_par' dir='ltr' id='par_1_4' title="bbox 56 3254 1264 3652">
     <span class='ocr_line' id='line_1_29' title="bbox 139 3254 1264 3348; baseline 0.01 -26"><span class='ocrx_word' id='word_1_230' title='bbox 139 3264 255 3348; x_wconf 88' lang='lat' dir='ltr'><strong>potest</strong></span> <span class='ocrx_word' id='word_1_231' title='bbox 267 3254 421 3346; x_wconf 77' lang='lat' dir='ltr'><strong>intelligi.</strong></span> <span class='ocrx_word' id='word_1_232' title='bbox 474 3254 580 3338; x_wconf 84' lang='lat' dir='ltr'><strong>Quod</strong></span> <span class='ocrx_word' id='word_1_233' title='bbox 595 3256 622 3322; x_wconf 87' lang='lat' dir='ltr'><strong>si</strong></span> <span class='ocrx_word' id='word_1_234' title='bbox 634 3256 841 3345; x_wconf 82' lang='lat' dir='ltr'><strong>tragicorum</strong></span> <span class='ocrx_word' id='word_1_235' title='bbox 856 3259 967 3346; x_wconf 79' lang='lat' dir='ltr'><strong>satyri,</strong></span> <span class='ocrx_word' id='word_1_236' title='bbox 992 3268 1030 3325; x_wconf 85' lang='lat' dir='ltr'><strong>ut</strong></span> <span class='ocrx_word' id='word_1_237' title='bbox 1043 3281 1108 3348; x_wconf 93' lang='lat' dir='ltr'><strong>par</strong></span> <span class='ocrx_word' id='word_1_238' title='bbox 1123 3272 1184 3347; x_wconf 85' lang='lat' dir='ltr'><strong>est,</strong></span> <span class='ocrx_word' id='word_1_239' title='bbox 1200 3287 1264 3332; x_wconf 90' lang='lat' dir='ltr'><strong>no-</strong></span> 
     </span>
     <span class='ocr_line' id='line_1_30' title="bbox 56 3356 1263 3444; baseline 0.009 -19"><span class='ocrx_word' id='word_1_240' title='bbox 56 3389 59 3396; x_wconf 93' lang='lat'><strong>·</strong></span> <span class='ocrx_word' id='word_1_241' title='bbox 140 3361 235 3426; x_wconf 87' lang='lat' dir='ltr'><strong>mine</strong></span> <span class='ocrx_word' id='word_1_242' title='bbox 247 3356 384 3425; x_wconf 77' lang='lat' dir='ltr'><strong>fabulae</strong></span> <span class='ocrx_word' id='word_1_243' title='bbox 397 3359 533 3427; x_wconf 87' lang='lat' dir='ltr'><strong>adiecto</strong></span> <span class='ocrx_word' id='word_1_244' title='bbox 553 3360 811 3430; x_wconf 82' lang='lat' dir='ltr'><strong>commemorari</strong></span> <span class='ocrx_word' id='word_1_245' title='bbox 832 3356 1000 3444; x_wconf 82' lang='lat' dir='ltr'><strong>solebant,</strong></span> <span class='ocrx_word' id='word_1_246' title='bbox 1026 3365 1147 3432; x_wconf 89' lang='lat' dir='ltr'><strong>mirum</strong></span> <span class='ocrx_word' id='word_1_247' title='bbox 1167 3367 1263 3436; x_wconf 86' lang='lat' dir='ltr'><strong>vide-</strong></span> 
     </span>
     <span class='ocr_line' id='line_1_31' title="bbox 142 3461 1264 3555; baseline 0.007 -24"><span class='ocrx_word' id='word_1_248' title='bbox 142 3472 213 3545; x_wconf 78' lang='lat' dir='ltr'><strong>tar,</strong></span> <span class='ocrx_word' id='word_1_249' title='bbox 235 3461 443 3555; x_wconf 88' lang='lat' dir='ltr'><strong>comicorum</strong></span> <span class='ocrx_word' id='word_1_250' title='bbox 453 3473 580 3553; x_wconf 80' lang='lat' dir='ltr'><strong>satyros</strong></span> <span class='ocrx_word' id='word_1_251' title='bbox 598 3463 758 3547; x_wconf 86' lang='lat' dir='ltr'><strong>omnium,</strong></span> <span class='ocrx_word' id='word_1_252' title='bbox 774 3463 801 3529; x_wconf 89' lang='lat' dir='ltr'><strong>si</strong></span> <span class='ocrx_word' id='word_1_253' title='bbox 814 3463 860 3530; x_wconf 91' lang='lat' dir='ltr'><strong>ab</strong></span> <span class='ocrx_word' id='word_1_254' title='bbox 871 3463 1042 3553; x_wconf 90' lang='lat' dir='ltr'><strong>lophonte</strong></span> <span class='ocrx_word' id='word_1_255' title='bbox 1058 3478 1092 3534; x_wconf 87' lang='lat' dir='ltr'><strong>et</strong></span> <span class='ocrx_word' id='word_1_256' title='bbox 1105 3469 1264 3539; x_wconf 86' lang='lat' dir='ltr'><strong>Timocla</strong></span> 
     </span>
     <span class='ocr_line' id='line_1_32' title="bbox 142 3562 1264 3652; baseline 0.008 -20"><span class='ocrx_word' id='word_1_257' title='bbox 142 3562 342 3647; x_wconf 57' lang='lat' dir='ltr'><strong>&amp;cesseris</strong></span> <span class='ocrx_word' id='word_1_258' title='bbox 369 3565 493 3632; x_wconf 78' lang='lat' dir='ltr'><strong>omisso</strong></span> <span class='ocrx_word' id='word_1_259' title='bbox 507 3566 644 3634; x_wconf 83' lang='lat' dir='ltr'><strong>fabulae</strong></span> <span class='ocrx_word' id='word_1_260' title='bbox 659 3566 794 3635; x_wconf 86' lang='lat' dir='ltr'><strong>nomine</strong></span> <span class='ocrx_word' id='word_1_261' title='bbox 809 3565 932 3633; x_wconf 83' lang='lat' dir='ltr'><strong>afferri.</strong></span> <span class='ocrx_word' id='word_1_262' title='bbox 976 3567 1055 3652; x_wconf 78' lang='lat' dir='ltr'><strong>Quo</strong></span> <span class='ocrx_word' id='word_1_263' title='bbox 1072 3570 1205 3641; x_wconf 86' lang='lat' dir='ltr'><strong>facilius</strong></span> <span class='ocrx_word' id='word_1_264' title='bbox 1222 3575 1264 3641; x_wconf 91' lang='lat' dir='ltr'><strong>li-</strong></span> 
     </span>
    </p>
   </div>
   <div class='ocr_carea' id='block_1_4' title="bbox 144 3789 354 3807">
    <p class='ocr_par' dir='ltr' id='par_1_5' title="bbox 144 3789 354 3807">
     <span class='ocr_line' id='line_1_33' title="bbox 144 3789 354 3807; baseline 0.005 -3"><span class='ocrx_word' id='word_1_265' title='bbox 144 3789 354 3807; x_wconf 39' lang='grc' dir='ltr'><strong>ψ</strong></span> 
     </span>
    </p>
   </div>
   <div class='ocr_carea' id='block_1_5' title="bbox 154 3913 939 4005">
    <p class='ocr_par' dir='ltr' id='par_1_6' title="bbox 154 3913 939 4005">
     <span class='ocr_line' id='line_1_34' title="bbox 154 3913 939 4005; baseline 0.009 -26.282"><span class='ocrx_word' id='word_1_266' title='bbox 154 3913 219 4003; x_wconf 82' lang='lat'><strong>2)</strong></span> <span class='ocrx_word' id='word_1_267' title='bbox 240 3919 277 3980; x_wconf 91' lang='lat' dir='ltr'><strong>In</strong></span> <span class='ocrx_word' id='word_1_268' title='bbox 294 3921 364 3982; x_wconf 89' lang='lat' dir='ltr'><strong>codi</strong></span> <span class='ocrx_word' id='word_1_269' title='bbox 367 3941 401 3980; x_wconf 88' lang='lat' dir='ltr'><strong>ce</strong></span> <span class='ocrx_word' id='word_1_270' title='bbox 415 3919 561 3982; x_wconf 81' lang='lat' dir='ltr'><strong>Athenaei</strong></span> <span class='ocrx_word' id='word_1_271' title='bbox 579 3926 722 3985; x_wconf 87' lang='lat' dir='ltr'><strong>omissum</strong></span> <span class='ocrx_word' id='word_1_272' title='bbox 742 3933 788 3984; x_wconf 88' lang='lat' dir='ltr'><strong>est</strong></span> <span class='ocrx_word' id='word_1_273' title='bbox 802 3917 939 4005; x_wconf 70' lang='grc' dir='ltr'>δράματι.</span> 
     </span>
    </p>
   </div>
   <div class='ocr_carea' id='block_1_6' title="bbox 143 4021 1263 4193">
    <p class='ocr_par' dir='ltr' id='par_1_7' title="bbox 143 4021 1263 4193">
     <span class='ocr_line' id='line_1_35' title="bbox 184 4021 1263 4112; baseline 0.014 -34"><span class='ocrx_word' id='word_1_274' title='bbox 184 4021 220 4100; x_wconf 81' lang='grc'><strong>8)</strong></span> <span class='ocrx_word' id='word_1_275' title='bbox 245 4023 312 4081; x_wconf 85' lang='lat' dir='ltr'><strong>Sala</strong></span> <span class='ocrx_word' id='word_1_276' title='bbox 297 4022 423 4082; x_wconf 76' lang='lat' dir='ltr'><strong>nminem</strong></span> <span class='ocrx_word' id='word_1_277' title='bbox 394 4023 730 4106; x_wconf 81' lang='lat' dir='ltr'><strong>miiSoplroclstuers</strong></span> <span class='ocrx_word' id='word_1_278' title='bbox 716 4025 984 4087; x_wconf 85' lang='lat' dir='ltr'><strong>situdutOsannus</strong></span> <span class='ocrx_word' id='word_1_279' title='bbox 1001 4028 1149 4090; x_wconf 87' lang='lat' dir='ltr'><strong>inlibello</strong></span> <span class='ocrx_word' id='word_1_280' title='bbox 1150 4052 1263 4112; x_wconf 88' lang='lat' dir='ltr'><strong>,quem</strong></span> 
     </span>
     <span class='ocr_line' id='line_1_36' title="bbox 143 4105 983 4193; baseline 0.01 -29"><span class='ocrx_word' id='word_1_281' title='bbox 143 4105 321 4167; x_wconf 86' lang='lat' dir='ltr'><strong>Germanice</strong></span> <span class='ocrx_word' id='word_1_282' title='bbox 338 4109 444 4168; x_wconf 76' lang='lat' dir='ltr'><strong>derlia</strong></span> <span class='ocrx_word' id='word_1_283' title='bbox 416 4129 480 4168; x_wconf 81' lang='lat' dir='ltr'><strong>sace</strong></span> <span class='ocrx_word' id='word_1_284' title='bbox 497 4109 657 4189; x_wconf 85' lang='lat' dir='ltr'><strong>Sophoclis</strong></span> <span class='ocrx_word' id='word_1_285' title='bbox 672 4112 766 4169; x_wconf 87' lang='lat' dir='ltr'><strong>acris</strong></span> <span class='ocrx_word' id='word_1_286' title='bbox 720 4132 766 4190; x_wconf 84' lang='lat' dir='ltr'><strong>rap</strong></span> <span class='ocrx_word' id='word_1_287' title='bbox 768 4111 837 4191; x_wconf 89' lang='lat' dir='ltr'><strong>itp.</strong></span> <span class='ocrx_word' id='word_1_288' title='bbox 852 4118 905 4177; x_wconf 92' lang='lat'><strong>77.</strong></span> <span class='ocrx_word' id='word_1_289' title='bbox 921 4133 983 4193; x_wconf 88' lang='lat' dir='ltr'><strong>seq.</strong></span> 
     </span>
    </p>
   </div>
   <div class='ocr_carea' id='block_1_7' title="bbox 130 4174 1307 4381">
    <p class='ocr_par' dir='ltr' id='par_1_8' title="bbox 130 4174 1307 4381">
     <span class='ocr_line' id='line_1_37' title="bbox 185 4174 1307 4342; baseline 0.012 -76"><span class='ocrx_word' id='word_1_290' title='bbox 185 4209 218 4282; x_wconf 85' lang='lat'><strong>4)</strong></span> <span class='ocrx_word' id='word_1_291' title='bbox 241 4208 317 4270; x_wconf 90' lang='lat' dir='ltr'><strong>Vide</strong></span> <span class='ocrx_word' id='word_1_292' title='bbox 331 4210 461 4270; x_wconf 86' lang='lat' dir='ltr'><strong>Bekkeri</strong></span> <span class='ocrx_word' id='word_1_293' title='bbox 475 4210 590 4272; x_wconf 75' lang='lat' dir='ltr'><strong>Anecd.</strong></span> <span class='ocrx_word' id='word_1_294' title='bbox 602 4233 636 4294; x_wconf 87' lang='lat' dir='ltr'><strong>p·</strong></span> <span class='ocrx_word' id='word_1_295' title='bbox 627 4213 725 4290; x_wconf 76' lang='lat'><strong><em>·385,</em></strong></span> <span class='ocrx_word' id='word_1_296' title='bbox 742 4217 792 4279; x_wconf 78' lang='lat'><strong>20.</strong></span> <span class='ocrx_word' id='word_1_297' title='bbox 834 4214 923 4274; x_wconf 83' lang='lat' dir='ltr'><strong>Nm</strong></span> <span class='ocrx_word' id='word_1_298' title='bbox 913 4217 1060 4297; x_wconf 78' lang='lat' dir='ltr'><strong>inscripta</strong></span> <span class='ocrx_word' id='word_1_299' title='bbox 1083 4217 1142 4342; x_wconf 78' lang='lat' dir='ltr'><strong>fuit</strong></span> <span class='ocrx_word' id='word_1_300' title='bbox 1163 4219 1265 4280; x_wconf 76' lang='lat' dir='ltr'><strong>fabule</strong></span> <span class='ocrx_word' id='word_1_301' title='bbox 1305 4174 1307 4178; x_wconf 20' lang='grc' dir='ltr'>Ι</span> 
     </span>
     <span class='ocr_line' id='line_1_38' title="bbox 130 4287 480 4381; baseline 0.021 -27"><span class='ocrx_word' id='word_1_302' title='bbox 130 4287 298 4381; x_wconf 72' lang='grc' dir='ltr'><strong>ΙΑιιὶιιισος</strong></span> <span class='ocrx_word' id='word_1_303' title='bbox 313 4291 480 4378; x_wconf 66' lang='lat' dir='ltr'><strong>samosate.</strong></span> 
     </span>
    </p>
   </div>
   <div class='ocr_carea' id='block_1_8' title="bbox 0 0 1428 4904">
    <p class='ocr_par' dir='ltr' id='par_1_9' title="bbox 0 0 1428 4904">
     <span class='ocr_line' id='line_1_39' title="bbox 0 0 1428 4904; baseline 0 0"><span class='ocrx_word' id='word_1_304' title='bbox 0 0 1428 4904; x_wconf 95' lang='lat' dir='ltr'><strong> </strong></span> 
     </span>
    </p>
   </div>
  </div>
 </body>
</html>
