2826 4904
463 341 512 402 lli
539 339 726 404 GRAECA
753 341 940 406 Llucvl.
1193 346 1258 410 228

140 514 262 613 tuerit,
287 511 322 581 ln
336 507 581 605 cogitationem
594 486 707 583 tamen
725 515 816 584 venit
830 516 993 586 additum.
1044 515 1176 585 Harum
1195 540 1258 586 au-

139 627 212 686 tem
236 617 466 708 locutionum,
508 638 596 706 quae
629 618 747 687 irnuria
783 620 819 686 in
848 621 1052 711 pleonasmis
1080 620 1258 708 habentur,

139 721 262 792 classes
283 729 441 811 putamus
464 720 620 796 constitui
639 743 740 812 posse
760 725 918 813 quinque.

242 877 296 943 Ac
317 875 446 997 prima
449 873 559 943 classis
585 882 635 942 est
655 875 884 961 verbositatis,
914 884 951 944 ut
971 874 1175 971 πολεμίζειν
1181 833 1259 999 ἡδὲΙ

139 973 351 1074 μαχοσθαι,
378 971 550 1073 ἡγήτορες
572 973 635 1073 ἠδὲ
653 979 846 1070 μέδοντες,
880 972 1048 1054 θάνατόν
1068 1006 1111 1054 τι
1138 972 1258 1077 μόρον
1366 1006 1369 1011 ·

139 1109 192 1156 το.
244 1078 423 1206 Euripides
440 1079 571 1148 Phoen.
592 1101 624 1148 v.
640 1079 701 1147 21.

267 1217 430 1313 ἔσπειρεν
449 1212 537 1313 ημῖν
557 1219 673 1290 παῖδα
693 1213 755 1289 παλ
775 1214 923 1316 σπείρας
941 1216 1086 1315 βρέφος.

140 1353 210 1423 Vbi
235 1376 339 1442 quern
360 1353 597 1446 pleonasmum
619 1363 720 1422 vocat
742 1356 932 1440 Porsonns,
971 1354 1043 1425 hoc
1070 1353 1177 1424 minus
1210 1361 1260 1425 est

140 1458 372 1549 pleonasmus,
410 1455 504 1545 quod
525 1457 693 1528 vocabula
712 1456 805 1526 idern
825 1459 1046 1551 significantia
1067 1459 1102 1526 in
1124 1458 1261 1527 diversis

140 1560 299 1629 orationis
320 1561 478 1629 membris
499 1561 718 1629 inveniuntur.
772 1561 988 1652 Quamquam
1008 1560 1096 1630 enirn
1118 1561 1177 1630 hic
1198 1569 1259 1646 est,

139 1663 237 1755 quod
253 1671 390 1754 praeter
411 1665 640 1732 necessitatem
667 1664 823 1732 additum
842 1665 901 1751 sit,
935 1673 970 1731 at
991 1685 1060 1731 non
1082 1671 1131 1732 est
1143 1671 1256 1731 tamen

137 1769 186 1836 ita
200 1765 369 1854 additum,
395 1775 512 1834 utnon
533 1769 711 1859 cogitetur.
762 1765 849 1834 Sunt
864 1767 899 1835 in
913 1766 984 1834 hoc
998 1788 1143 1858 genere,
1168 1765 1325 1856 quaenoo
1403 1838 1408 1857 .

137 1880 267 1940 temere
289 1894 310 1937 a
332 1868 452 1939 criticis
474 1876 600 1937 tentata
622 1867 813 1954 rideamus,
853 1879 891 1937 ut
913 1869 985 1942 hoc
1011 1868 1196 1962 Sophoclis
1221 1869 1258 1938 iu
1360 1884 1370 1919 ⁴

138 1971 230 2046 Oed
253 1972 329 2043 col.
352 1969 464 2049 668..

269 2107 443 2203 εὐίππου,
471 2109 565 2200 ξέοι,
590 2106 697 2189 τοῖςδο
719 2100 837 2205 χώρας

267 2219 346 2286 ἴαοο
365 2206 414 2284 ποῖ
433 2235 612 2308 αρατιοτα
625 2210 690 2302 ycic
713 2210 874 2301 ἔπαυλα,

134 2371 286 2442 qnorum
301 2345 361 2416 hic
381 2368 491 2414 sensns
508 2352 573 2414 est.
598 2345 651 2414 ud
675 2346 933 2439 equestrisloci
954 2344 1092 2432 sedem,
1119 2345 1257 2440 hospes,

134 2452 280 2537 coristi,
307 2471 401 2542 quoe
425 2449 529 2519 huius
552 2449 713 2543 regiones
737 2458 789 2521 est
806 2451 1130 2545 praestantissima.
1291 2505 1312 2547 ρ

243 2603 403 2674 Secunda
425 2603 539 2673 classis
563 2615 613 2675 cst
635 2606 875 2697 explicationis.
933 2607 988 2677 Ac
1021 2606 1140 2688 miror,
1174 2602 1259 2692 quid
1311 2552 1314 2601 Ι

136 2709 197 2799 sit,
225 2696 321 2798 quod
350 2710 518 2777 Porsonns
545 2708 591 2776 ad
619 2709 750 2778 Phoen.
774 2709 835 2778 22.
857 2709 1057 2777 insolentem
1086 2706 1255 2799 putaverit

136 2813 373 2905 pleonasmum
394 2834 465 2882 esse
490 2813 525 2879 in
552 2812 621 2903 his,
653 2829 742 2904 quae
764 2837 797 2882 v
822 2811 884 2881 47
917 2811 1018 2881 huius
1040 2813 1179 2881 fabulae
1202 2810 1257 2878 le·

136 2923 434 3116 gunthpe‘oo’
409 3011 563 3114 α’δελφος
581 3013 687 3114 ccipe
705 3047 873 3118 αηροοοει
889 3020 995 3138 λε’χη,

267 3119 359 3203 ὄςτις
383 3121 503 3241 σοφῆς
522 3123 673 3213 αἴνιγμα
692 3127 882 3220 παρθένου
901 3116 1046 3216 μάθοι,

267 3217 386 3320 τούτῳ
417 3215 588 3316 europaeo
609 3225 750 3319 λέκτρα.

137 3359 295 3445 Quorum
316 3381 474 3430 versuum
498 3357 557 3446 qui
576 3357 707 3425 medius
729 3364 796 3441 est,
828 3378 897 3424 non
919 3355 964 3423 ad
981 3353 1254 3444 praecedentem,

136 3463 199 3533 sed
220 3463 265 3531 ad
286 3471 481 3553 sequentem
500 3483 634 3530 versum
661 3460 823 3554 pertinet,
856 3459 977 3549 quibus
999 3457 1132 3526 duobus
1150 3462 1256 3530 versi-

135 3568 200 3636 bus
221 3590 281 3651 ea,
312 3589 401 3656 quae
422 3566 533 3657 primo
552 3587 651 3634 versu
679 3564 891 3647 dictasunt,
922 3562 1142 3656 explicentur.
1194 3566 1257 3632 Est
1344 3578 1348 3587 ’

135 3692 220 3739 vcro
250 3668 339 3743 haec
363 3671 529 3739 tritissima
561 3668 689 3762 ligura,
729 3691 798 3737 uon
838 3667 949 3735 solum
990 3664 1083 3758 apud
1121 3666 1256 3735 Home-

135 3795 231 3859 rum,
256 3782 314 3860 ut,

737 3867 873 3947 δολδοκα
891 3870 929 3947 δ’
944 3878 1088 3959 ἵππους,

160 4056 161 4059 ,
269 3969 421 4073 πηγοιλς,
447 3971 698 4075 ἀθλοφόρους,
726 3983 766 4051 οἲ
778 3972 912 4050 ἀέθλια
926 3977 1055 4049 ποσσὶν
1077 3969 1228 4068 ἄροντο,

136 4113 233 4208 (vide
248 4113 491 4187 Ruhnkenium
505 4118 541 4183 iu
556 4116 650 4206 epist.
667 4115 738 4186 crit.
752 4114 779 4182 l.
805 4137 841 4206 p.
861 4109 940 4205 56.)
965 4111 1027 4181 sed
1048 4111 1149 4179 etiam
1161 4112 1256 4203 apud
1348 4134 1349 4138 ’

133 4219 303 4311 tragIcos,
329 4220 480 4312 aliosque
493 4218 683 4310 scriptores.
733 4219 824 4288 Hinc
848 4217 908 4285 illa
933 4225 1008 4285 sunt
1035 4214 1254 4302 usitatissima,

135 4316 298 4410 ἐπόντος,
333 4321 398 4404 οὐκ
422 4321 591 4405 ἄκοντος·
611 4315 759 4418 Ιγνωτοί,
791 4316 878 4394 corio
901 4317 1062 4416 ἄγνωτα,
1095 4341 1184 4410 quae
1204 4321 1255 4388 rei
