2826 4904
464 316 514 378 IN
541 313 733 378 GRAECA
756 313 942 378 LINGVA.
1189 318 1253 381 ²1⁸1

134 489 273 582 possint.
324 487 505 558 Caeterum
538 488 636 576 quod
660 509 795 555 omnem
819 495 968 556 nostram
994 460 1254 583 disputationem

135 596 170 661 in
195 593 251 660 lris
275 592 508 682 scriptoribus,
535 592 593 680 qui
617 591 752 681 profani
777 600 956 674 vocantur,
988 592 1167 660 consistere
1189 615 1252 660 vo-

135 696 278 781 luimus,
312 694 401 764 haec
426 718 542 763 caussa
565 702 632 778 est,
666 692 761 783 quod
786 716 896 762 sacros
922 692 1186 763 Christianorum
1209 695 1254 762 li-
1333 698 1336 703 ’

135 801 236 883 bros,
266 820 384 885 cereos
406 799 498 875 flecti
524 797 750 885 quommdam
775 797 917 882 artibus,
950 820 1060 887 neque
1084 797 1165 865 iuris
1190 819 1255 865 no-
1299 860 1308 877 ,

136 903 194 970 stri
217 900 396 969 ridebatur
421 903 603 991 attingere,
630 923 694 969 nec
708 899 876 968 scientiae.
926 900 1031 983 Quod
1047 900 1074 967 si
1096 901 1256 989 quiforte

136 1013 236 1073 erunt
253 1003 422 1095 theologi,
449 1004 507 1093 qui
531 1023 593 1070 nos
613 1001 742 1092 aliquid
766 1003 838 1071 veri
855 1001 973 1070 dixisse
997 1001 1162 1087 iudicent,
1190 1002 1255 1072 hos

135 1109 226 1176 viam
257 1129 430 1198 speramus
460 1107 649 1174 inventuros
683 1127 770 1192 esse,
808 1127 875 1193 qua
901 1103 1002 1175 etiam
1022 1107 1255 1196 apostolorum

135 1231 249 1281 renuo
268 1212 312 1281 ab
333 1210 401 1279 istis
422 1210 591 1303 ellipsium
611 1208 765 1279 sordibus
783 1207 952 1280 liberetur.

458 1512 556 1579 XIII.
593 1516 652 1581 De
689 1516 934 1602 pleonasmo.

239 1723 544 1818 Transgrediemur
574 1726 619 1794 ab
652 1727 766 1817 ellipsi
801 1726 850 1793 ad
878 1728 1128 1817 pleonasmum,
1162 1720 1254 1790 cuius

139 1826 319 1917 explicatio
353 1830 546 1918 aliquanto,
581 1850 684 1918 quam
717 1829 890 1918 ellipseos,
923 1828 1056 1897 facilior
1088 1832 1153 1893 est:
1186 1845 1255 1890 non

137 1929 244 1997 modo
270 1931 365 2020 quod
394 1934 532 2002 omnino
558 1933 668 2000 minor
703 1933 811 2000 estin
835 1934 1034 2024 pleonasmo
1061 1926 1255 2012 obscuritas,

136 2031 199 2100 sed
224 2033 344 2120 etiam,
370 2035 482 2124 quod,
513 2041 618 2126 quum
644 2035 755 2128 ellipsi
777 2035 851 2105 fere
876 2036 1059 2106 contrarius
1084 2033 1125 2100 sit
1149 2031 1322 2121 ples-rot

136 2157 288 2221 nasmus,
320 2138 478 2228 ellipseos
510 2138 674 2229 expositio
706 2139 797 2206 ultro
830 2137 993 2222 ostendit,
1037 2157 1125 2226 quae
1153 2133 1255 2223 pleo-

135 2237 245 2306 nasmi
263 2239 304 2305 sit
316 2241 411 2306 ratio.
461 2240 768 2308 Demonstravimus
782 2250 895 2306 autem
910 2239 1042 2329 ellipsin
1064 2258 1134 2304 esse
1153 2234 1255 2300 omis-

136 2341 268 2409 sionem
292 2341 467 2428 vocabuli,
510 2341 556 2409 ad
588 2328 842 2432 grammaticam
872 2341 1010 2431 quidem
1035 2336 1256 2408 constructio-

137 2464 219 2512 nem
244 2444 438 2529 necessarii,
475 2444 537 2512 sed
560 2440 623 2512 usu
646 2445 693 2512 ita
720 2443 835 2513 deesse
861 2444 966 2528 soliti,
997 2451 1034 2512 ut
1059 2449 1178 2532 sponte
1202 2438 1276 2535 in-¹

137 2545 322 2637 telligatur.
381 2545 487 2631 Quod
519 2548 547 2615 si
585 2547 769 2616 contrarius
800 2557 853 2615 est
887 2546 996 2637 ellipsi
1031 2547 1255 2637 pleonasmus,

137 2649 374 2740 pleonasmum
398 2670 534 2718 necesse
567 2659 616 2718 est
640 2652 676 2722 in
702 2649 890 2721 adiectione
923 2648 1078 2717 vocabuli
1109 2646 1256 2738 positum

139 2774 232 2837 esse,
257 2752 352 2841 quod
375 2753 510 2820 tametsi
535 2753 581 2820 ad
604 2756 860 2845 grammaticam
884 2754 1047 2821 rationem
1064 2750 1150 2819 nihil
1171 2770 1256 2818 con-

138 2855 244 2938 ferat,
277 2877 318 2922 ex
338 2879 400 2924 usu
425 2855 475 2924 sic
498 2856 663 2943 addatur,
695 2865 733 2924 ut
756 2880 894 2950 prorsus
928 2855 1095 2940 abundet,
1118 2852 1162 2940 *id
1197 2860 1256 2936 est,

139 2966 177 3024 nt
201 2958 302 3047 plane
327 2958 413 3026 nihil
438 2958 613 3049 significet.
665 2961 755 3028 Nam
786 2961 849 3029 nisi
872 2961 1108 3051 pleonasmum
1133 2957 1167 3025 in
1193 2954 1257 3022 ad·
1320 2990 1322 2999 v

138 3060 283 3129 lectione
307 3061 467 3131 vocabuli
495 3062 588 3132 nihil
611 3065 715 3155 plane
745 3064 957 3156 significantis
980 3062 1156 3155 ponimus,
1188 3079 1258 3126 non
1379 3058 1387 3083 '

138 3164 250 3254 magis
280 3165 554 3254 pleonasmorum
579 3166 719 3234 inveniri
744 3168 872 3256 poterit
897 3168 987 3249 finis,
1023 3187 1126 3254 quam
1155 3183 1257 3250 snpra

139 3266 175 3333 in
202 3267 314 3356 ellipsi
346 3267 475 3336 factum
505 3268 667 3335 videmus.
733 3269 813 3350 Quo
839 3270 874 3334 in
900 3289 1017 3334 errore
1053 3261 1256 3355 exagitando

138 3391 246 3456 quum
260 3379 350 3438 totus
363 3378 514 3438 versetur
527 3368 668 3438 Weisldi
682 3369 785 3453 liber,
810 3369 933 3436 mirum
949 3377 998 3435 est
1012 3377 1135 3451 tamen,
1162 3361 1258 3454 quod

136 3470 200 3540 ille
223 3495 292 3541 non
316 3472 423 3541 modo
448 3471 534 3559 hor,
555 3473 614 3563 qui
638 3472 710 3540 veri
730 3480 804 3539 sunt
820 3469 1027 3562 pleonasmi,
1052 3469 1125 3539 fere
1140 3491 1257 3537 omnes
1304 3513 1306 3517 -

138 3576 366 3665 praeterierit3
404 3596 490 3665 quos
520 3599 600 3645 sane
630 3574 769 3666 quidem
802 3573 986 3645 seeundum
1028 3573 1257 3641 definitionem

138 3679 349 3770 pleonasmi,
381 3702 484 3769 quam
509 3680 640 3771 posuit,
676 3678 860 3771 praeterire
889 3678 1022 3768 debuit:
1061 3675 1122 3743 sed
1156 3673 1258 3743 etiam

139 3781 236 3869 quod
250 3781 378 3868 dehis,
404 3783 462 3873 qui
475 3783 583 3851 videri
599 3792 740 3875 possunt
757 3783 946 3874 pleonasmi
960 3805 1046 3864 esse,
1071 3801 1176 3868 quum
1189 3798 1258 3843 non

138 3884 220 3970 sint,
245 3885 418 3954 minimam
429 3895 563 3978 partem
582 3886 737 3979 attigerit
789 3885 860 3955 Sed
884 3908 989 3974 quum
1005 3906 1048 3950 ne
1067 3883 1166 3950 nobis
1181 3878 1258 3969 qui-

140 3987 223 4055 dem
239 3987 329 4057 haec
349 3990 391 4056 sit
413 4012 512 4074 cura,
545 3998 584 4056 ut
604 3988 687 4073 hoS,
714 4011 799 4078 quos
822 4012 859 4056 re
884 4011 961 4056 vera
978 3995 1134 4077 putamus
1157 3984 1257 4074 pleo-
1282 4026 1286 4035 ›

138 4111 273 4160 uasmos
296 4091 468 4161 vocandos
492 4114 581 4176 esse,
607 4091 756 4181 undique
782 4093 1003 4184 congeramus
1023 4097 1123 4177 atque
1146 4108 1258 4154 exem·
1315 4145 1316 4150 ,

138 4195 206 4286 plis
227 4196 448 4265 illustremus:
485 4194 603 4284 paucis
624 4219 666 4263 ea
690 4194 862 4264 dumtaxat
883 4192 1067 4265 consectari
1092 4190 1258 4274 volumus,

140 4320 230 4388 quae
246 4300 359 4394 capita
384 4307 458 4368 sunt
479 4297 579 4367 huius
602 4297 843 4391 disputationis.
