2826 4904
542 304 600 364 DE
622 303 949 366 DIFFERENTlA

341 479 377 550 ei
403 473 440 550 δ’
468 476 586 550 ἄεθλα
612 468 744 571 γαρύεν

342 581 481 657 ἔλδεαι,
508 574 663 672 φίλον
639 604 754 675 ητορ,

341 679 477 778 μηκέθ’
500 679 602 753 ἁλίου
627 676 751 754 σκόπει

343 781 431 858 ἄλλο
448 777 734 878 θαλπνότεροα’
718 810 755 856 ια
767 776 888 879 ἁμέρᾳ
898 777 1049 877 φαεινδν
1066 779 1301 882 ἄστρανὲρή-

342 911 413 976 μαι
432 882 483 959 δι
507 888 654 981 αἰθέρος

339 984 425 1084 μηδ’
445 983 693 1083 Ὀλυμπίας
670 1013 791 1081 αγωαα
808 986 986 1083 φέρτερον
1003 981 1225 1082 αὐδασομεα.

188 1121 329 1190 Nullum
349 1122 409 1190 hic
428 1125 618 1191 membrum
635 1123 731 1190 alteri
746 1122 871 1190 simile:
897 1123 1008 1190 omnia
1021 1146 1126 1212 nova,
1152 1148 1222 1193 non
1244 1147 1303 1194 ex-

189 1235 349 1316 spectata,
374 1227 481 1294 libero
498 1228 680 1294 verbomm
696 1227 838 1295 decursu
853 1226 1059 1294 luxuriantia.
1110 1228 1205 1296 'l'alis
1220 1251 1304 1297 con·

66 1408 71 1429 ι
187 1330 405 1397 structionum
418 1329 557 1398 varietas
580 1352 648 1419 quo
662 1329 799 1422 longius
814 1329 857 1395 ab
871 1330 962 1397 omni
977 1331 1173 1422 regularum
1186 1355 1303 1401 neces-

189 1432 285 1498 sitate
300 1442 429 1499 remota
443 1442 507 1519 est,
535 1455 577 1502 eo
594 1434 701 1501 minus
725 1455 744 1500 e
765 1431 957 1501 conditione
971 1456 1102 1519 rerum,
1130 1457 1218 1523 quae
1234 1457 1302 1502 ser-

186 1556 288 1602 mone
304 1545 533 1626 exponuntur,
563 1536 669 1625 petita
685 1557 774 1619 esse,
802 1534 848 1608 ad
865 1557 1007 1623 eamque
1028 1536 1148 1604 referri
1170 1537 1303 1605 videbi-

186 1645 250 1704 tur.
300 1639 388 1705 Nam
403 1661 470 1727 quo
488 1660 642 1727 quaeque
661 1637 850 1705 adstrictior
869 1639 994 1729 regulis
1008 1640 1210 1727 quibusdam
1226 1663 1304 1707 ora-

186 1739 234 1807 tio
255 1749 319 1825 est,
344 1742 400 1808 vel
413 1742 539 1810 maiore
557 1741 793 1830 aequabilitate
807 1742 1090 1810 constructionum
1105 1744 1302 1833 composita,

186 1841 258 1910 hoc
281 1845 482 1930 accuratim,
515 1845 610 1935 quasi
633 1844 826 1912 definitione
857 1844 1006 1933 quadam
1037 1846 1094 1913 vel
1124 1847 1302 1937 partitione

187 1945 298 2030 facta,
346 1947 574 2016 conditionem
607 1970 722 2015 rerum
755 1946 929 2014 exhaurire
963 1949 1054 2017 velle
1090 1950 1302 2017 existinatur.
1348 2010 1351 2015 .

189 2047 304 2132 Quare
317 2048 557 2142 intelligentiae
569 2051 688 2141 magis,
703 2073 807 2138 quam
816 2049 1040 2148 ¹oblectationi
1064 2052 1208 2138 inservit,
1221 2075 1302 2144 pro·

188 2172 326 2240 samque
357 2154 560 2238 orationem,
600 2175 669 2219 non
696 2153 817 2242 poesin
846 2152 955 2221 decet.
1020 2155 1201 2224 Praeterea
1224 2178 1301 2225 vero

106 2280 110 2291 ⁸
164 2310 167 2315 .
188 2253 357 2342 quaedam
372 2256 631 2341 constructiones
649 2255 753 2346 plane
771 2263 845 2322 sunt
860 2257 1021 2347 propriae
1038 2281 1203 2349 poeseoS,
1228 2260 1301 2350 qui-

187 2357 249 2424 bus
263 2357 298 2423 in
313 2359 463 2425 oratione
485 2380 565 2450 pros
551 2383 588 2426 sa
605 2359 716 2426 nullus
732 2359 829 2428 locus
849 2360 1063 2445 conceditur,
1089 2371 1127 2428 ut
1150 2363 1229 2449 illa,

497 2489 589 2568 ἄλλα
611 2492 811 2592 Δωρίαν
785 2522 857 2567 arro
875 2490 973 2593 φόρ-
1058 2581 1061 2585 ,

340 2624 453 2720 μιγγα
472 2592 660 2671 πασσάλου

342 2693 529 2792 λαμβααε,

188 2834 392 2922 omninoque
406 2835 535 2919 tmesis,
561 2843 810 2923 quaevoeatur.
863 2835 909 2904 Et
933 2837 1027 2927 apud
1041 2836 1233 2926 Romanos,
1258 2849 1302 2925 ut,

497 2970 619 3039 desine
642 2972 801 3039 mollium

341 3073 487 3143 tandem
511 3074 747 3168 querelarum.
805 3150 808 3158 ν

187 3212 288 3280 Aliae
303 3221 420 3300 contra
432 3233 501 3279 non
514 3211 740 3297 inveniuntur,
764 3211 827 3280 nisi
844 3213 879 3279 in
895 3234 999 3304 prosa
1012 3216 1175 3301 oratione,
1200 3217 1303 3286 veluti

187 3316 278 3383 talis:
302 3339 400 3384 mene
415 3339 532 3408 aequa
548 3316 585 3384 in
598 3315 761 3384 adversis
774 3315 898 3400 rebus,
924 3339 991 3385 non
1013 3339 1114 3385 secus
1136 3320 1304 3388 modera-

188 3424 228 3485 tu
243 3419 278 3484 ιἰι
293 3420 466 3491 semendis.
518 3420 607 3488 Nam
622 3428 656 3486 et
674 3419 857 3508 aequabilis
872 3421 1103 3487 membrorum
1125 3443 1305 3514 compara-

186 3521 255 3606 tio,
282 3530 316 3587 et
330 3521 463 3588 omissio
481 3520 625 3589 duorum
640 3525 820 3591 verborum
839 3522 874 3588 in
892 3523 998 3615 altero
1018 3525 1192 3610 membro,
1218 3550 1304 3616 quae

188 3647 209 3692 e
233 3624 344 3714 primo
365 3623 475 3713 repeti
496 3624 701 3714 cogitatione
730 3625 865 3708 debent,
892 3647 966 3691 cam
981 3623 1016 3693 e't
1030 3626 1227 3718 diligentiae
1244 3653 1303 3700 ou-

187 3727 318 3797 iusdam
342 3735 377 3795 et
398 3726 569 3794 brevitatis
593 3726 741 3817 speciem
760 3750 845 3818 prae
867 3750 902 3794 se
928 3727 1012 3813 fert,
1039 3752 1127 3849 quae
1153 3732 1199 3800 ad
1231 3755 1304 3801 rem

188 3831 279 3898 clare
295 3828 550 3899 describendam
566 3830 927 3915 accommodatissima,
954 3830 999 3896 ad
1021 3835 1170 3904 animum
1192 3845 1306 3905 autem

189 3933 450 4002 oblectandum
441 3932 645 4023 ineptissima
659 3942 716 4001 cst
767 3933 926 4000 Horatius
943 3934 1071 4004 scilicet
1084 3938 1174 4029 (quis
1187 3949 1304 4030 putas-

108 4106 110 4111 ,
188 4036 277 4125 set?)
302 4037 349 4104 ita
374 4037 533 4125 loquutus
558 4034 682 4102 fertur:

137 4192 181 4254 22
192 4242 197 4250 .

343 4170 509 4264 Aequom
521 4179 695 4240 memento
714 4170 855 4240 rebus
842 4196 877 4241 m
900 4173 1026 4242 arduis

341 4296 487 4344 servare
500 4281 668 4362 mentun,
694 4297 762 4354 non
781 4299 882 4346 secus
903 4278 940 4346 in
955 4276 1052 4379 bonis
