2826 4904
236 332 299 395 m
420 412 424 429 Ι
459 326 519 388 DE
544 323 729 389 ELLIPSI
760 326 820 388 ET
840 323 1120 387 Puuouosuo

236 500 375 591 opinor,
407 519 475 567 non
498 498 624 570 faciens
648 518 753 587 quum
772 498 931 584 aliorum,
961 507 1035 569 tum
1058 499 1227 569 Eustathii
1251 525 1346 572 men-

166 601 378 688 maionem,
403 603 462 691 qui
475 600 564 677 haec
584 602 773 692 saepissime
789 602 983 695 coniungit'
1023 604 1076 673 Ac
1092 602 1250 672 videntur
1265 606 1346 676 mihi

233 707 356 777 eodem
368 705 546 774 referenda
562 728 635 773 esse
648 703 738 774 haec
752 704 935 796 Euripidis,
961 706 996 773 in
1012 706 1158 776 Hecuba
1171 731 1204 776 v.
1221 707 1309 778 4⁰2.

267 926 270 931 4
361 839 471 916 ὁποῖα
490 836 611 923 κισσός
630 835 737 940 δρυός
757 837 851 924 ὅπως
870 839 971 940 τῆσδ’
987 848 1128 939 ἕξομαι,

232 981 298 1050 et
288 1004 323 1049 m
341 978 471 1050 Troad
491 976 578 1049 147

358 1110 536 1215 μάνηρδ
558 1112 603 1197 οἷς
623 1139 680 1196 τις
687 1119 844 1238 πτανοῖς
838 1107 1014 1237 nloyyov

359 1218 501 1343 ὄρνισιν
521 1216 615 1301 ὅπως
636 1210 766 1317 ἐξάρξω
796 1245 846 1314 yor

356 1316 512 1417 μολπάν

231 1457 363 1530 Vereor
385 1458 473 1529 enim
491 1481 535 1526 ne
554 1480 622 1526 non
634 1457 741 1549 possit
755 1479 834 1527 cum
848 1459 1000 1527 Porsono
1019 1456 1065 1525 ad
1085 1455 1254 1529 Hecubae
1269 1482 1340 1528 ver·

231 1586 304 1631 sum
328 1565 364 1631 in
391 1562 445 1630 his
471 1561 555 1630 locis
582 1558 676 1640 ὅπως
704 1582 783 1630 cum
810 1567 938 1653 ἕξομαι
966 1570 1000 1629 et
1027 1553 1157 1656 ἐξάρξω
1189 1564 1338 1632 construi

231 1664 337 1750 Quod
356 1666 447 1735 utin
468 1663 702 1755 Aristophanis
723 1674 825 1754 atque
849 1663 1052 1756 Antiphanis
1073 1666 1234 1750 versibus,
1260 1688 1340 1755 quos

230 1769 348 1854 affert,
372 1769 447 1836 lieri
467 1766 608 1850 debeat,
634 1767 754 1856 quibus
776 1766 859 1835 addi
880 1777 1015 1858 poterat
1033 1766 1104 1836 hoc
1120 1767 1286 1858 Aeschyli
1306 1771 1339 1837 in

229 1872 489 1964 Agamemnone
509 1893 540 1939 v.
562 1868 649 1937 609.
677 1869 739 1938 nisi
758 1870 796 1938 id
818 1870 914 1938 aliter
932 1870 1191 1962 intelligendum
1210 1881 1280 1958 est,

358 2003 452 2088 ὅπως
472 2002 509 2079 δ’
532 2002 666 2099 ἄριστα
685 1999 753 2078 τόν
768 2001 858 2098 ἑμόν
874 2011 1013 2081 αἰδοῖον
1027 2001 1137 2082 πόσιν

356 2102 495 2182 σπεύσω
514 2103 624 2181 πάλιν
642 2102 806 2203 μολόντα
820 2111 1009 2199 δέξασθαι,

228 2249 294 2317 alia
310 2256 424 2315 tamen
442 2254 491 2313 est
503 2244 628 2314 horum
649 2245 820 2332 locomm,
847 2269 950 2336 quam
966 2247 1233 2338 Euripideorum
1248 2251 1341 2336 ratio,

226 2352 261 2419 in
283 2353 404 2441 quibus
423 2346 637 2435 illudebeant,
662 2349 757 2437 quod
771 2351 997 2442 semetipsum
1014 2353 1178 2420 monentis
1192 2362 1252 2438 est,
1277 2375 1342 2421 non

226 2455 358 2524 videtur
373 2452 503 2522 admitti
515 2475 632 2544 posse,
658 2453 738 2541 quia
753 2453 788 2520 in
806 2451 859 2522 his
871 2453 1013 2548 simplex
1032 2456 1116 2524 inest
1133 2455 1226 2544 eius,
1250 2456 1342 2549 quod

226 2561 300 2649 quis
319 2559 467 2628 facturus
487 2556 544 2642 sit,
570 2555 750 2626 affirmatio
776 2556 825 2650 ¹¹¹).

325 2745 596 2836 Praepositiones
618 2745 707 2815 duae
726 2744 819 2817 idem
841 2745 1066 2840 significantes
1080 2768 1186 2836 quum
1201 2747 1342 2818 coniun-

225 2857 370 2938 guntur,
395 2849 470 2916 fere
484 2870 618 2939 semper
629 2850 736 2918 altera
752 2873 868 2919 earum
880 2850 1078 2920 adverbium
1093 2859 1163 2937 est,
1180 2860 1225 2943 ¹ut
1244 2847 1342 2974 ἀμφὶ

225 2949 309 3045 περὶ
338 2948 490 3047 κρήνην,
516 2946 633 3025 πολλα
657 2953 741 3074 περὶ
767 2947 901 3050 ῥόααλ
927 2949 1041 3048 αμφὶς
1076 2947 1182 3051 ἑαγη,
1209 2946 1340 3049 νόσφιν

225 3048 363 3145 otrodo
378 3080 507 3142 κανων,
534 3048 803 3135 νοντιιιόλοις“
777 3082 856 3147 αμα
876 3082 941 3130 σον
955 3050 1135 3146 Βάκχαις,
1164 3055 1203 3128 ἓν
1223 3055 1263 3129 δὲ
1280 3083 1341 3127 ναι

223 3156 423 3249 ἑνΜέμφι
457 3156 537 3225 Non
559 3164 609 3224 est
632 3167 745 3226 tamen
766 3179 900 3244 verum,
925 3158 1020 3247 quod
1044 3157 1341 3243 Boeckhius,vir

221 3258 417 3349 praeclarae
437 3260 682 3348 eruditionis,
672 3282 708 3330 m
723 3264 1003 3333 commentatione
1017 3261 1062 3330 de
1075 3262 1254 3332 Platonico
1269 3259 1342 3328 Mi-

223 3383 291 3429 noe
310 3386 345 3453 p.
363 3360 449 3429 197.
474 3364 665 3451 contendit,
691 3365 775 3434 duas
799 3366 1063 3457 praepositiones
1083 3364 1149 3449 sic,
1175 3372 1213 3432 ut
1235 3365 1360 3432 altera'

155 3465 296 3531 2⁰2non
311 3465 352 3531 sit
369 3464 586 3553 adverbium,
611 3491 776 3556 nusquam
790 3469 903 3561 iungi,
931 3477 965 3537 et
983 3467 1129 3559 proinde
1144 3467 1241 3557 apud
1259 3467 1342 3536 Pla-

220 3576 336 3635 tonem
354 3565 398 3636 de
413 3567 509 3660 legg.
523 3571 583 3638 lll.
605 3593 642 3660 p.
661 3570 749 3638 701.
770 3571 813 3640 Ι).
840 3571 938 3653 τίνος
963 3565 1008 3668 dd.
1028 3565 1135 3667 χάριν
1160 3575 1264 3645 ἕνεκα
1289 3570 1342 3638 al-

221 3679 295 3738 tera
316 3680 391 3738 utra
411 3673 660 3762 praepositione
683 3673 789 3743 eiecta
810 3674 1025 3744 scribendum
1050 3696 1130 3743 esse.
1182 3675 1263 3741 Non
1285 3697 1342 3742 re·

221 3773 426 3842 cordabatur
459 3775 509 3843 vir
540 3775 749 3845 doctissimus
774 3777 862 3845 illud
891 3802 912 3845 a
934 3776 1142 3867 Thucydide
1166 3786 1202 3844 et
1223 3777 1342 3845 Xeno-

221 3876 352 3966 phonte
365 3888 580 3969 usurpatum,
607 3873 682 3952 αἰιό
705 3879 794 3974 βοῆς
810 3886 951 3968 ἔναιεν,
976 3880 1021 3948 de
1040 3902 1109 3968 quo
1135 3878 1220 3948 dixit
1239 3880 1342 3970 Wyt-

219 3980 417 4050 tenbachius
459 3981 505 4049 ad
539 3983 675 4074 eclogas
704 3983 883 4053 historicas
915 4005 950 4074 p.
974 3982 1061 4082 414.
1091 3984 1214 4072 Neque
1252 3982 1344 4055 haec

263 4316 290 4402 *)
312 4319 387 4379 Vide
408 4341 484 4401 quac
504 4321 659 4384 adnotavit
680 4319 823 4384 Matthiae
837 4324 877 4386 ad
896 4325 1036 4387 Hecubae
1052 4344 1080 4387 v.
1097 4324 1172 4392 395.
