2826 4904
303 108 488 172 Pnostss
507 109 562 172 ET
585 109 826 173 Ponrlcau
849 107 1119 175 ORATIONIS.
1204 114 1268 178 loo

154 285 255 353 etiam
268 282 452 375 posuerunt
473 283 616 374 figuras,
641 283 676 349 in
699 305 782 372 quas
807 283 944 352 minime
972 283 1117 372 quadrat
1138 283 1268 375 figura-

153 412 229 456 rum
244 385 440 479 appellatio.
493 387 691 474 Planeque,
708 387 737 454 si
757 387 894 455 illorum
915 387 1059 478 vestigia
1080 388 1175 476 sequi
1193 388 1267 454 vel-

151 492 278 574 lemus,
317 489 411 556 nulla
430 482 580 577 ¹denique
602 511 743 577 usquam
769 513 837 557 non
864 491 1012 579 figurata
1034 490 1140 557 oratio
1169 489 1267 558 foret

151 594 223 662 Sed
244 594 283 661 id
302 592 441 681 quidem
464 602 558 659 recte
572 595 798 677 observarunt,
823 593 892 660 duo
909 616 979 660 esse
996 594 1183 685 figurarum
1203 616 1269 684 ge·

151 721 252 780 nera,
278 718 399 780 unum,
426 717 509 782 quas
527 697 710 763 verborum
731 698 875 787 figuras,
901 697 1061 780 alterum,
1088 720 1170 786 quas
1191 720 1268 764 sen-

150 800 331 868 tentiarum
345 807 477 867 vocant.
529 798 744 888 Quamquam
758 799 843 888 quid
855 799 940 866 inter
959 809 1115 888 utrasque
1128 803 1268 868 interes-

152 911 221 987 set,
258 924 328 969 non
348 902 450 992 plane
474 911 686 991 aperuerunt.
745 902 895 991 Figurae
919 905 1118 987 verborum,
1156 912 1269 971 nostra

151 1005 292 1096 quidem
306 1004 485 1089 sententia,
512 1015 587 1072 sunt
609 1004 777 1095 quaedam
801 1005 1083 1073 conformationes
1100 1007 1269 1091 orationis,

151 1110 274 1199 quibus
288 1132 339 1192 ea,
365 1131 452 1196 quae
465 1109 605 1175 materia
622 1119 671 1176 est
683 1108 961 1194 enunciationum,
987 1118 1114 1178 certam
1134 1109 1179 1176 ad
1197 1110 1269 1176 ani-

151 1215 200 1281 mi
225 1234 357 1299 sensum
373 1212 444 1278 vim
464 1213 602 1301 accipit3
628 1212 758 1304 figurae
778 1213 1031 1297 sententiarum,
1058 1214 1179 1302 quibus
1195 1212 1270 1280 for-

151 1340 209 1384 ma
223 1313 491 1383 enunciationum
511 1316 767 1384 accommodate
789 1315 835 1382 ad
852 1316 953 1383 animi
966 1339 1099 1383 sensum
1113 1323 1268 1384 mutatur.

150 1419 339 1507 Vtrumque
361 1439 467 1507 genus
486 1417 521 1483 in
545 1419 711 1507 quosdam
733 1419 979 1488 locos-videtur
994 1419 1139 1488 describi
1158 1441 1270 1509 posse,

151 1521 199 1588 ita
210 1530 274 1607 ut‚·
292 1520 460 1615 quidquid
480 1543 620 1611 usquam
636 1524 676 1589 sit
689 1522 894 1613 figuramm,
924 1521 1030 1589 modo
1044 1544 1124 1591 vere
1137 1521 1270 1615 figurae

152 1625 229 1709 sint,
256 1623 301 1690 ad
318 1624 466 1712 aliquem
485 1646 527 1693 ex
541 1624 595 1691 his
621 1625 706 1693 locis
720 1625 839 1691 referri
854 1624 987 1692 debeat.

251 1727 367 1815 Atque
379 1727 414 1793 in
427 1728 610 1794 verborum
623 1727 741 1818 figuris
755 1727 867 1818 primo
884 1729 985 1818 copia
997 1731 1175 1819 spectatur,
1202 1745 1270 1814 qua

151 1829 279 1918 aliquid
293 1831 518 1900 enunciamus.
570 1831 624 1900 Ea
641 1831 717 1898 talis
736 1839 804 1916 est,
835 1840 874 1899 ut
896 1832 1005 1899 autin
1024 1831 1143 1897 iisdem
1163 1851 1268 1896 voca-

150 1932 259 2017 bulis,
292 1935 413 2020 quibus
443 1934 557 2023 aliqua
571 1942 633 2002 'res
661 1935 873 2024 designatur,
907 1956 979 2001 sese
1001 1934 1186 2015 contineat,
1211 1939 1270 1998 aut

148 2036 252 2124 plura
273 2035 453 2125 adiungat,
480 2046 538 2103 aut
558 2036 689 2118 omnia,
715 2035 893 2121 exquibus
911 2042 1095 2102 constatea
1112 2055 1183 2116 τοο,
1210 2053 1269 2099 ex·
1341 2090 1344 2095 .

148 2136 268 2226 plicet.
319 2137 396 2203 Hae
418 2137 551 2226 figurae
574 2144 650 2202 sunt
671 2134 893 2226 anadiplosis,
918 2136 1152 2229 pleonasmus,
1177 2133 1270 2227 peri-

126 2237 293 2330 phrasis.
344 2238 577 2329 Anadiplosis‚

279 2374 334 2468 νῷ
350 2370 388 2446 δ’
402 2367 470 2467 ἐγώ
486 2370 609 2454 durior
624 2370 723 2468 εἶμι,
749 2372 809 2447 ναὶ
823 2372 957 2469 εἰπορὶ
974 2379 1094 2472 χεῖρας
1109 2375 1242 2471 ἔοικεν,

280 2477 415 2572 ον’πνρὶ
442 2484 563 2573 χεῖρας
581 2479 696 2565 ἔοικε,
722 2478 830 2572 μένος
850 2473 886 2581 δ’,
902 2480 1035 2551 αἴθωνι
1048 2469 1192 2575 σιδήρῳ.
1261 2512 1267 2527 2

150 2618 196 2684 Et
223 2637 455 2705 quaecumque
482 2624 607 2683 exstant
628 2614 750 2682 similes
772 2614 920 2700 femiae,
947 2616 1016 2684 sive
1037 2615 1146 2684 statim
1168 2637 1271 2705 repe·
1368 2617 1371 2623 ’

151 2720 213 2786 tito
232 2720 355 2804 verbo,
382 2720 451 2786 sive
465 2719 536 2787 aliis
548 2719 736 2788 interiectis.
763 2719 998 2804 Pleonasmus,
1013 2720 1097 2792 ποσὶ
1112 2722 1268 2812 βαίνειν,

151 2825 191 2894 ἐν
211 2817 420 2918 ὀφθαλμοῖς
443 2825 600 2896 ἰδέσθαι.
652 2819 882 2913 Periphrasis,

187 3038 190 3044 A
279 2934 417 3037 οανρός
447 2946 551 3037 ἐμοῖο
576 2934 710 3037 πατήρ.

253 3060 387 3129 Deinde
402 3061 487 3129 aliae
503 3063 634 3152 figurae
648 3059 694 3126 ad
706 3060 880 3127 veritatem
900 3062 950 3127 rei
966 3062 1142 3150 pertinent.
1193 3057 1269 3125 Ha-

136 3163 229 3232 'rum
241 3165 369 3255 prima,
395 3188 483 3253 qnae
497 3158 641 3259 λιτότης
659 3170 815 3246 vocatur,
842 3161 972 3250 aliquid
987 3172 1108 3253 negat,
1133 3161 1194 3229 sed
1211 3148 1281 3246 ita‚'

152 3277 190 3336 ut
211 3267 289 3356 plus
312 3267 412 3334 etiam
438 3268 603 3351 affimet,
636 3265 741 3334 veluti
773 3287 876 3352 quum
908 3287 977 3332 non
1005 3266 1268 3333 contemnendus

151 3370 296 3454 dicitur,
330 3371 390 3458 qui
406 3370 591 3439 'faciendus
618 3377 666 3436 est
692 3368 840 3460 plurimi.
907 3369 1065 3438 Secunda
1082 3379 1130 3437 est
1151 3370 1268 3448 ironia,

150 3497 240 3563 quae
258 3473 306 3540 ita
325 3473 472 3542 affirmat
492 3472 640 3563 aliquid,
673 3472 710 3539 id
734 3481 771 3538 ut
794 3473 908 3564 potius
924 3483 1038 3564 neget.
1090 3471 1132 3539 P.
1152 3469 1270 3538 Clodii

149 3584 301 3645 mortem
317 3599 429 3669 aequo
445 3579 562 3646 animo
577 3574 792 3668 nemoferre
800 3584 935 3667 potest:
962 3586 995 3643 et
1014 3597 1101 3664 quae
1122 3594 1276 3658 sequun-

132 3680 213 3748 tur.
266 3679 383 3748 Tertia
403 3679 667 3772 repugnantibus
692 3678 812 3762 utitur,
837 3702 924 3766 quae
945 3701 1049 3766 quum
1073 3676 1269 3742 seinvicem

148 3783 274 3852 tollere
286 3783 482 3868 videantur5
505 3807 572 3849 non
586 3782 690 3872 plane
704 3790 817 3848 tamen
832 3783 967 3852 tollunt.
1020 3781 1119 3847 Haeo
1131 3786 1270 3847 vocatur

149 3908 368 3977 oxymorum:

199 4067 201 4072 ι
280 3986 424 4084 ἐχθροῖν
447 3983 570 4083 ἄδωρα
600 3987 709 4085 (luipo.

280 4117 362 4172 ναες
381 4113 497 4168 αναες.
