2826 4904
470 282 519 359 rn
547 296 735 360 enteca
761 296 946 361 nineve.
1203 300 1265 364 rra

148 470 387 562 quodecim,
412 472 564 540 nondum
584 479 737 560 repertus
759 479 823 556 est,
856 470 914 559 qui
933 491 1067 537 omnem
1090 469 1185 537 illam
1210 471 1266 539 lo-

148 575 322 646 cutionum
341 577 477 665 copiam
490 585 525 643 et
538 576 751 658 varietatem,
777 575 946 663 inquibus
961 572 1020 644 hic
1039 595 1133 643 casus
1150 573 1264 640 dorni-
1379 572 1382 578 '

147 688 265 762 natur,
299 677 347 744 sic
367 678 570 769 explicaret,
603 686 641 744 ut
668 701 708 744 ea
736 676 914 768 explicatio
942 677 998 744 vel
1020 676 1133 764 aliquo
1158 676 1264 744 modo

148 784 200 850 rei
224 779 415 849 satisfacere
438 781 602 849 videatur.
659 780 752 855 Illud
769 781 908 869 quidem
928 781 995 847 alio
1011 779 1091 848 looo
1106 781 1150 847 ab
1168 781 1266 849 nobis

148 885 415 952 demonstratum
437 893 496 968 est,
523 883 706 974 genitivum
722 885 862 974 proprie
884 906 958 950 rem
976 882 1145 968 iudicare,
1172 883 1264 952 cuius

148 986 280 1076 aliquid
302 986 455 1056 accidens
476 987 526 1053 sit.
578 986 752 1054 Latissimc
765 997 877 1053 autem
894 994 989 1077 patet
1003 986 1180 1055 accidentis
1197 998 1331 1062 uo-187

146 1090 217 1174 tio,
247 1089 414 1157 mutabilis
436 1090 495 1156 illa
517 1110 582 1179 pro
607 1089 752 1173 ratione,
779 1112 847 1177 qua
867 1112 940 1156 rem
957 1089 1154 1177 consideres.
1206 1089 1264 1158 Sic

147 1193 238 1261 filius
262 1193 366 1282 patris
390 1202 424 1259 et
443 1202 541 1282 pater
564 1192 644 1277 filii,
676 1193 723 1261 sic
745 1215 841 1260 arnor
869 1192 990 1260 dicitur
1009 1191 1164 1275 alicuius,
1196 1192 1265 1258 sive

148 1318 263 1363 amare
286 1318 363 1362 eum
386 1296 454 1363 sive
482 1295 586 1362 amari
609 1295 845 1386 intelligamus.
899 1295 1069 1386 Exempla
1096 1294 1264 1383 quaedam

146 1397 343 1466 huiusmodi
361 1399 439 1467 vide
460 1397 553 1488 apud
576 1397 801 1467 Schaelerum
819 1422 856 1489 p.
870 1395 956 1465 735.
1010 1398 1190 1482 Quodnisi
1211 1406 1265 1464 te-

146 1525 241 1571 mere
267 1503 378 1568 omnia
402 1502 569 1571 miscuisse
604 1511 638 1568 et
661 1504 873 1592 perturbasse
898 1502 1049 1570 Graecos
1080 1503 1263 1584 statuimus,
1342 1542 1345 1555 .

146 1607 183 1674 in
202 1605 295 1674 omni
308 1628 370 1673 usu
383 1606 520 1697 genitivi
542 1604 588 1671 ad
601 1607 747 1695 primam
762 1606 857 1672 illam
871 1605 1147 1695 significationem
1162 1602 1264 1671 redo-

144 1707 274 1776 uudum
299 1709 378 1791 erit,
412 1707 680 1797 videndumque,
717 1709 893 1799 quomodo
920 1706 979 1775 hie
1008 1729 1101 1775 casus
1125 1705 1170 1773 ad
1193 1715 1264 1773 tam

146 1811 295 1880 diversos
318 1821 456 1900 tamque
480 1811 653 1877 dissimiles
678 1833 730 1878 res
747 1809 903 1878 adhiberi
928 1811 1084 1899 potuerit.
1135 1809 1176 1876 ln
1196 1831 1265 1898 qua

144 1938 183 1984 re
196 1914 286 1982 illud
300 1923 414 1982 tamen
427 1915 516 1980 bene
532 1912 715 1982 tenendum
734 1923 801 2000 est,
825 1915 989 2004 pleraque
1008 1913 1043 1980 in
1069 1913 1264 2004 linguarum

145 2017 412 2089 conformatione
442 2019 586 2086 obscuro
616 2040 715 2086 sensu
740 2019 848 2110 regi,·
867 2017 959 2087 cuius
986 2017 1013 2084 si
1042 2017 1148 2085 modo
1172 2016 1264 2083 initia

142 2131 327 2206 teneamus,
352 2121 520 2210 reliquum
538 2121 607 2188 eius
625 2142 758 2188 cursum
771 2124 930 2212 persequi
944 2142 1012 2187 non
1026 2143 1096 2187 esse
1111 2119 1263 2187 difficile.

143 2225 234 2293 Nam
257 2224 316 2311 qui
328 2224 430 2312 primi
445 2225 594 2311 aliquam
615 2224 787 2291 notionem
809 2223 877 2289 alio
900 2223 1125 2305 deflexerunt,
1151 2221 1215 2287 hos
1229 2221 1264 2288 in

144 2350 184 2397 ea
206 2349 246 2392 re
269 2323 397 2413 aliquid
418 2325 535 2393 iudicii
555 2324 749 2392 adhibuisse
770 2347 905 2393 necesse
926 2335 993 2392 est:
1018 2326 1062 2391 ab
1076 2323 1129 2392 his
1142 2325 1265 2412 reliqui

142 2432 206 2498 ista
219 2451 310 2518 pene
322 2428 505 2495 nescientes
520 2448 705 2518 accepere,
732 2451 817 2517 quos
839 2450 907 2495 non
920 2428 1043 2494 mirum
1061 2437 1110 2495 est
1127 2451 1168 2495 ea
1185 2427 1264 2494 dein

143 2532 245 2600 latius
268 2530 469 2616 extendisse,
503 2554 605 2619 quam
630 2531 770 2601 fortasse
788 2532 973 2617 debebant,
1007 2531 1137 2623 quippe
1165 2553 1264 2600 verae

143 2635 279 2703 rationis
296 2634 360 2703 sibi
374 2655 444 2701 nou
460 2635 623 2704 conscios.

245 2772 352 2863 Igitur
373 2773 538 2863 genitivus
559 2794 665 2859 quum
685 2794 757 2838 rem
776 2771 920 2857 indicet,
946 2772 1040 2842 cuius
1067 2770 1160 2841 aliud
1180 2770 1264 2858 quid

144 2875 301 2965 accidens
330 2874 387 2960 sit,
422 2876 459 2942 id
481 2876 516 2942 in
538 2876 655 2966 paucis
675 2883 803 2943 tantum
822 2874 1144 2966 praepositionibus,
1175 2896 1263 2962 quae

144 3002 223 3050 cum
242 2978 316 3056 hoc
335 2999 415 3045 casu
437 2987 689 3064 construuntur,
715 2979 835 3068 paullo
852 2979 1025 3048 obscurius
1046 2987 1112 3059 est3
1135 2979 1171 3045 in
1184 2978 1263 3068 ple-

145 3083 259 3170 risque
278 3082 389 3174 primo
414 3082 592 3174 adspectu,
619 3104 680 3151 cur
694 3083 878 3172 genitivum
894 3083 957 3150 sibi
977 3082 1170 3172 adiungaut,
1197 3104 1262 3171 ap-

144 3194 253 3276 paret.
303 3185 392 3253 Nam
414 3207 520 3272 quum
539 3185 574 3250 in
586 3184 657 3269 his,
684 3207 894 3272 quaererum
908 3185 1093 3255 accidentia
1108 3207 1128 3250 a
1144 3180 1263 3272 philo-

144 3287 263 3378 sophis
283 3296 462 3372 vocantur,
500 3287 599 3354 etiam
627 3295 740 3377 partes
765 3289 925 3374 cuiusque
958 3288 1009 3353 rei
1037 3291 1262 3369 numerentur,

142 3390 234 3458 haec
248 3391 353 3482 partis
369 3389 586 3481 significatio,
612 3410 700 3476 quae
713 3410 802 3478 peue
813 3390 940 3476 ubique
952 3388 1136 3478 genitivum
1151 3390 1329 3468 comi-138

141 3503 252 3578 tatur,
276 3494 311 3560 in
327 3493 449 3559 harum
467 3492 755 3583 praepositionum
771 3489 1017 3562 constructione
1035 3492 1262 3561 manifestissi-

142 3619 202 3664 ma
225 3605 283 3667 est.
349 3596 407 3666 Sic
431 3589 525 3684 ἀπό,
558 3591 678 3691 παρά,
705 3590 794 3693 πρός
799 3651 814 3686 ,
848 3589 940 3685 ὑπό,
974 3595 1032 3685 ἔξ,
1065 3596 1205 3686 proprie
1223 3595 1260 3662 id

142 3699 349 3791 significant,
376 3699 470 3788 quod
482 3699 668 3789 cuiuspiam
682 3699 731 3767 rei
747 3722 827 3792 pars
847 3708 906 3785 est,
931 3698 991 3781 sed
1005 3723 1046 3766 ea
1058 3699 1143 3783 talis,
1172 3719 1261 3783 quae

143 3803 190 3871 ab
212 3800 281 3871 hac
300 3824 338 3869 re
356 3802 604 3892 proficiscatur,
632 3825 742 3891 eoque
764 3805 807 3871 ab
831 3826 871 3870 ea
893 3812 1075 3892 separetur.
1127 3799 1260 3868 Deinde

144 3898 230 3993 dccl,
262 3908 342 3994 ἐπί,
369 3899 483 3994 κατά,
510 3903 620 4001 ὑπέρ,
653 3905 690 3972 id
706 3905 871 3994 indicant,
898 3905 993 3996 quod
1014 3914 1062 3973 est
1083 3904 1139 3971 vel
1161 3902 1200 3968 fit
1223 3904 1260 3969 in

141 4007 258 4099 aliqua
273 4008 322 4077 rei
340 4009 525 4099 cuiuspiam
546 4015 660 4099 parte:
685 4016 724 4076 ut

245 4137 309 4218 deo?
323 4146 392 4241 μὲν
411 4141 560 4226 ἀσπίδος
575 4132 667 4239 ἦλθε
682 4144 831 4243 φαεινῆς
846 4143 1002 4243 ὄβριμον
1020 4146 1128 4238 ἔγχος.
1164 4178 1166 4187 ’

135 4284 259 4375 Neque
286 4285 354 4354 alia
377 4285 463 4355 ratio
486 4291 535 4354 est
550 4283 839 4374 praepositionum
860 4279 958 4376 ἀμφὶ
978 4291 1012 4349 et
1035 4279 1138 4378 περί,
1171 4303 1259 4370 qua-
