2826 4904
374 277 561 346 IVRIS
624 277 972 346 rvuluuul.
1186 285 1228 350 l't

107 450 184 522 Sed
197 469 301 540 quum
313 450 409 519 multi
424 473 517 521 casus
534 453 616 538 sint,
633 451 723 542 iique
737 474 896 543 magnam
910 451 1043 541 partem
1055 451 1232 522 1111111111α

108 556 181 640 les,
207 554 376 642 inquibus
390 554 478 625 haec
492 558 541 624 vis
552 579 662 644 neque
677 557 722 624 ad
736 555 985 647 reprimendam
1002 556 1155 622 iniuriam
1177 579 1232 623 sa-

107 660 153 726 tis
169 667 348 748 prompta,
376 667 411 725 et
433 658 478 726 ad
503 661 757 727 satisfactionem
779 658 979 748 exigendam
995 657 1097 747 plane
1109 658 1232 726 inutilis

107 762 171 845 sit,
197 762 269 828 iure
285 761 507 851 postulatura
521 762 671 847 civitate,
697 772 734 828 ut
752 763 845 828 illam
861 761 927 828 vim
940 760 1118 845 adhibeat,
1144 782 1248 848 quae

106 863 192 931 mali
207 863 429 953 impendentis
443 873 535 932 metu
549 888 669 956 pravas
684 865 881 954 cupiditates
896 865 1071 931 contineat.
1108 864 1232 929 Poenis

104 958 216 1058 i'gitur
236 988 321 1055 opus
338 967 435 1032 estin
450 967 591 1035 civitate.
643 969 690 1034 At
711 967 780 1037 hoc
795 989 862 1033 non
879 988 919 1032 eo
933 969 1038 1048 valet,
1064 976 1101 1033 ut
1117 966 1230 1033 civitas

104 1091 175 1160 per
190 1090 226 1134 se
242 1068 292 1135 ius
307 1069 469 1158 puniendi
483 1070 611 1137 habere
631 1069 847 1137 existimanda
858 1070 909 1140 sit.
949 1069 1044 1135 Nihil
1061 1069 1152 1135 aliud
1165 1069 1230 1135 ista

106 1172 394 1238 demonstratione
418 1172 580 1256 efficitur,
606 1173 668 1239 nisi
688 1172 776 1258 hoc,
803 1180 944 1239 statuere
966 1194 1092 1262 poenas
1114 1171 1230 1238 civita-

103 1283 182 1341 tem
196 1273 331 1340 debere.
365 1276 454 1340 Nam
473 1284 546 1342 toto
563 1276 659 1343 caelo
673 1274 761 1344 haec
777 1275 952 1357 differunt,
981 1274 1092 1365 puniri
1106 1274 1229 1341 delicta

103 1398 229 1468 posse,
257 1384 290 1443 et
303 1376 473 1466 punienda
492 1379 643 1469 constitui
659 1379 795 1447 debere.
846 1377 1010 1444 Nimirum
1033 1399 1147 1466 poena
1166 1399 1229 1466 per

106 1502 159 1564 se,
174 1479 196 1558 1.
204 1501 233 1544 1.
240 1479 313 1569 ipsa
325 1480 406 1545 mali
421 1481 592 1571 irrogatio,
601 1482 861 1569 quaedeiictum
878 1481 1033 1568 sequitur,
1049 1502 1116 1546 non
1125 1489 1172 1545 est
1180 1481 1228 1546 vis

39 1607 41 1610 ’
104 1603 249 1672 cogenS,
259 1603 442 1669 quaneque
452 1584 611 1651 delictum
623 1585 840 1672 impediatur3
853 1584 981 1650 factum
991 1583 1077 1648 euim
1088 1585 1155 1650 iam
1164 1589 1228 1661 est3

103 1707 221 1772 neque
236 1684 396 1751 damnum
417 1685 499 1751 laesi
514 1687 730 1765 resarciatur3
755 1709 833 1753 nam
854 1685 921 1752 sive
936 1685 1022 1751 illud
1044 1686 1161 1751 sitiam
1172 1706 1228 1749 re·

102 1795 283 1877 paratum,
310 1809 369 1853 seu
397 1789 539 1877 rependi
562 1799 722 1877 nequeat,
747 1811 860 1879 poena
882 1796 994 1854 tamen
1008 1787 1093 1855 sumi
1105 1794 1226 1876 potest.

105 1891 232 1977 Itaque
249 1911 318 1956 non
334 1900 445 1978 potest
467 1891 565 1959 huius
588 1893 669 1958 111111
686 1881 860 1982 infligendi
875 1891 922 1958 ius
939 1890 1113 1979 quoddam
1129 1889 1227 1980 cogi-

102 1993 193 2076 tari,
217 1993 311 2080 quod
325 1993 496 2080 quideme
516 1995 584 2062 fine
605 1994 743 2064 civitatis
760 1994 955 2062 deducatur.
997 1993 1101 2078 Quod
1114 1992 1139 2058 si
1158 2015 1228 2080 qua

102 2105 224 2162 tamen
237 2095 285 2162 vis
308 2097 408 2164 estin
426 2098 563 2187 poenis,
593 2121 680 2186 quae
696 2099 783 2167 cives
799 2099 834 2164 in
847 2097 963 2165 officio
975 2097 1159 2179 contiueat,
1186 2116 1227 2161 ea
1346 2180 1349 2187 r

104 2197 145 2264 in
156 2206 254 2263 metu
265 2219 450 2286 poenarum
467 2201 658 2286 quaerenda
674 2209 733 2270 est.
766 2201 798 2266 Is
818 2208 948 2282 autem,
972 2198 1033 2265 nisi
1054 2200 1081 2265 si
1093 2199 1144 2264 ius
1159 2219 1227 2286 pu-

103 2297 227 2366 niendi
251 2299 363 2363 civitas
384 2299 528 2383 habeat,
553 2302 664 2366 nullus
688 2308 745 2365 est.
797 2299 896 2367 Vnde
917 2301 1044 2368 ciarum
1067 2308 1133 2384 est,
1158 2320 1227 2366 non

104 2421 215 2491 posse
233 2399 282 2464 ius
298 2399 459 2488 puniendi
474 2423 515 2467 ex
534 2411 627 2467 metu
645 2402 804 2486 derivari,
830 2402 903 2488 qui,
928 2402 989 2468 nisi
1009 2403 1141 2468 firmato
1159 2402 1227 2467 iam

106 2505 184 2572 iure
207 2501 386 2591 puniendi,
411 2503 513 2591 plane
536 2504 652 2571 locum
672 2526 742 2574 non
763 2503 897 2574 habeat.
931 2505 1046 2572 Potius
1068 2505 1095 2575 si
1117 2503 1228 2569 omnia

109 2629 153 2673 ea
170 2604 284 2672 facere
304 2604 417 2671 civitas
441 2615 475 2672 et
495 2615 607 2695 potest
630 2616 664 2674 et
689 2605 807 2689 debet,
831 2629 917 2695 quae
946 2607 990 2673 ad
1012 2606 1228 2675 avertendam
1326 2653 1328 2660 ι

113 2708 269 2774 iniustam
288 2706 356 2774 rim
380 2710 564 2777 necessaria
587 2709 664 2794 sint,
692 2731 896 2796 consequens
919 2718 983 2792 est,
1017 2711 1044 2776 si
1062 2710 1147 2777 inter
1166 2708 1237 2775 illa-

110 2811 162 2878 ius
184 2809 347 2900 puniendi
374 2821 581 2895 numeratur,
609 2822 646 2881 ut
667 2811 717 2881 ius
740 2812 825 2879 illud
848 2812 1024 2884 constituat
1045 2822 1078 2879 et
1093 2812 1226 2879 sanciat.

111 2913 221 3004 Igitur
243 2912 440 3002 legislatoris
463 2913 615 2982 officium
642 2923 708 2999 est,
734 2937 861 3009 poenas
883 2915 1071 2982 criminibus
1093 2937 1226 3004 propo-

112 3038 209 3100 nere,
236 3016 363 3104 quippe
379 3016 446 3084 fine
461 3018 603 3084 civitatis
615 3039 801 3108 poenarum
823 3018 1025 3085 sanctionem
1043 3017 1225 3108 flagitante.

113 3117 212 3207 Cives
230 3127 340 3186 autem
361 3118 406 3185 ad
433 3121 655 3188 sustinendam
679 3143 826 3211 poenam
844 3143 912 3187 non
927 3120 997 3188 hoc
1013 3120 1104 3210 ipso,
1131 3117 1226 3207 quod

114 3222 203 3288 cives
227 3229 321 3305 sunt,
354 3221 414 3288 sed
434 3232 634 3312 propterea,
668 3223 762 3312 quod
785 3224 918 3313 legibus
948 3245 1069 3312 parere
1090 3222 1226 3306 debent,

112 3323 255 3414 obligati
268 3331 351 3390 sunt.
403 3321 520 3392 Omnis
534 3325 735 3419 difficultas,
760 3349 847 3412 quae
865 3325 954 3394 hane
970 3348 1043 3392 rem
1060 3326 1225 3408 obscurat,

113 3424 205 3494 ineo
229 3434 297 3510 est,
333 3425 426 3513 qnod
453 3450 586 3517 poenae
614 3427 811 3518 significatio
839 3428 997 3517 ambigua
1021 3436 1079 3496 111.
1137 3428 1226 3497 Nam

114 3549 216 3616 quum
230 3551 362 3618 poenae
387 3551 510 3597 nomen
533 3530 603 3599 hoc
621 3531 731 3622 ipsum
743 3530 827 3598 11111
843 3531 1027 3614 contineat,
1052 3531 1124 3597 iure
1138 3551 1206 3615 quo

112 3630 193 3696 darn
216 3632 343 3698 malum
368 3632 470 3700 alicui
489 3634 622 3719 inferri,
646 3633 746 3703 facile
762 3642 873 3723 patet,
897 3631 1072 3721 quomodo
1091 3633 1153 3698 sub
1173 3631 1226 3697 his

114 3732 222 3800 verbis
234 3735 336 3803 111111
349 3735 476 3823 possint
489 3736 522 3820 ii,
536 3737 595 3824 qui
602 3759 706 3824 quum
714 3736 763 3802 ius
780 3736 848 3803 sive
863 3738 975 3826 potius
983 3734 1226 3825 obligationem
1318 3790 1320 3796 .

113 3835 157 3903 ad
172 3836 438 3904 constituendum
462 3838 511 3905 ius
532 3839 692 3929 puniendi
712 3839 835 3906 civitati
857 3839 1047 3910 adscribere
1069 3835 1225 3923 debeant,

108 3938 204 4011 aliud
220 3939 334 4008 dicere
348 3962 383 4006 se
398 3941 612 4027 arbitrantur,
637 3943 664 4009 si
680 3941 772 4008 eiius
785 3964 918 4030 poenae
937 3937 1140 4030 infligendae
1155 3961 1225 4006 esse

112 4042 325 4110 contendant.
351 4043 440 4109 Nam
457 4045 483 4109 si
493 4068 625 4135 poenae
636 4066 759 4112 nomen
771 4044 820 4111 ius
836 4042 1010 4131 quoddam
1024 4041 1059 4108 in
1076 4065 1112 4111 se
1130 4065 1227 4110 com-
1305 4065 1306 4073 ¹

113 4143 313 4231 prehendit,
328 4145 413 4211 nihil
427 4146 519 4213 aliud
536 4148 676 4216 dixerint
691 4147 758 4234 1111,
784 4169 886 4235 quam
902 4149 951 4213 ius
964 4143 1093 4213 habere
1109 4147 1227 4213 civita-

113 4254 180 4316 tem
203 4248 247 4315 ad
273 4249 540 4320 constituendum
558 4252 608 4319 ius
628 4249 806 4342 puniendi,
832 4272 920 4340 quae
941 4256 1052 4318 nostra
1070 4249 1229 4319 sententia

167 4350 290 4426 Hnaur.
306 4350 372 4421 02.
399 4352 425 4419 1.
998 4351 1031 4422 Β
