<?xml version="1.0" encoding="UTF-8"?>
<!DOCTYPE html PUBLIC "-//W3C//DTD XHTML 1.0 Transitional//EN"
    "http://www.w3.org/TR/xhtml1/DTD/xhtml1-transitional.dtd">
<html xmlns="http://www.w3.org/1999/xhtml" xml:lang="en" lang="en">
 <head>
  <title>
</title>
<meta http-equiv="Content-Type" content="text/html;charset=utf-8" />
  <meta name='ocr-system' content='tesseract 3.04.00' />
  <meta name='ocr-capabilities' content='ocr_page ocr_carea ocr_par ocr_line ocrx_word'/>
</head>
<body>
  <div class='ocr_page' id='page_1' title='image "./opuscula02hermgoog/opuscula02hermgoog_0129.png"; bbox 0 0 2826 4904; ppageno 0'>
   <div class='ocr_carea' id='block_1_1' title="bbox 210 291 1080 356">
    <p class='ocr_par' dir='ltr' id='par_1_1' title="bbox 210 291 1080 356">
     <span class='ocr_line' id='line_1_1' title="bbox 210 291 1080 356; baseline -0.005 -2"><span class='ocrx_word' id='word_1_1' title='bbox 210 294 273 356; x_wconf 81' lang='lat'><strong>118</strong></span> <span class='ocrx_word' id='word_1_2' title='bbox 455 291 575 353; x_wconf 75' lang='lat' dir='ltr'><strong>Plus</strong></span> <span class='ocrx_word' id='word_1_3' title='bbox 595 293 633 353; x_wconf 92' lang='lat'><strong>11.</strong></span> <span class='ocrx_word' id='word_1_4' title='bbox 663 292 719 353; x_wconf 84' lang='lat' dir='ltr'><strong>DE</strong></span> <span class='ocrx_word' id='word_1_5' title='bbox 752 291 1080 353; x_wconf 76' lang='lat' dir='ltr'><strong>DIFFEREN&#39;NA</strong></span> 
     </span>
    </p>
   </div>
   <div class='ocr_carea' id='block_1_2' title="bbox 181 461 1329 2402">
    <p class='ocr_par' dir='ltr' id='par_1_2' title="bbox 311 461 1329 553">
     <span class='ocr_line' id='line_1_2' title="bbox 311 461 1329 553; baseline 0.001 -23"><span class='ocrx_word' id='word_1_6' title='bbox 311 461 365 531; x_wconf 87' lang='lat' dir='ltr'><strong>Ao</strong></span> <span class='ocrx_word' id='word_1_7' title='bbox 391 461 522 553; x_wconf 90' lang='lat' dir='ltr'><strong>primo,</strong></span> <span class='ocrx_word' id='word_1_8' title='bbox 555 463 649 552; x_wconf 92' lang='lat' dir='ltr'><strong>quod</strong></span> <span class='ocrx_word' id='word_1_9' title='bbox 671 462 717 531; x_wconf 91' lang='lat' dir='ltr'><strong>ad</strong></span> <span class='ocrx_word' id='word_1_10' title='bbox 747 463 855 553; x_wconf 84' lang='lat' dir='ltr'>ipsam</span> <span class='ocrx_word' id='word_1_11' title='bbox 875 483 999 530; x_wconf 87' lang='lat' dir='ltr'><strong>vocum</strong></span> <span class='ocrx_word' id='word_1_12' title='bbox 1025 469 1177 530; x_wconf 90' lang='lat' dir='ltr'><strong>naturam</strong></span> <span class='ocrx_word' id='word_1_13' title='bbox 1200 463 1329 548; x_wconf 84' lang='lat' dir='ltr'><strong>attinet,</strong></span> 
     </span>
    </p>

    <p class='ocr_par' dir='ltr' id='par_1_3' title="bbox 181 564 1328 2402">
     <span class='ocr_line' id='line_1_3' title="bbox 211 564 1328 654; baseline -0.004 -18"><span class='ocrx_word' id='word_1_14' title='bbox 211 567 280 636; x_wconf 88' lang='lat' dir='ltr'><strong>eius</strong></span> <span class='ocrx_word' id='word_1_15' title='bbox 306 564 394 633; x_wconf 86' lang='lat' dir='ltr'>duae</span> <span class='ocrx_word' id='word_1_16' title='bbox 409 574 482 633; x_wconf 88' lang='lat' dir='ltr'><strong>suut</strong></span> <span class='ocrx_word' id='word_1_17' title='bbox 494 565 641 651; x_wconf 85' lang='lat' dir='ltr'><strong>formae,</strong></span> <span class='ocrx_word' id='word_1_18' title='bbox 665 574 748 650; x_wconf 82' lang='lat' dir='ltr'><strong>uu&#39;a,</strong></span> <span class='ocrx_word' id='word_1_19' title='bbox 774 589 861 654; x_wconf 86' lang='lat' dir='ltr'><strong>quae</strong></span> <span class='ocrx_word' id='word_1_20' title='bbox 884 575 999 633; x_wconf 91' lang='lat' dir='ltr'><strong>cantus</strong></span> <span class='ocrx_word' id='word_1_21' title='bbox 1022 574 1181 652; x_wconf 87' lang='lat' dir='ltr'><strong>vocatur,</strong></span> <span class='ocrx_word' id='word_1_22' title='bbox 1208 565 1328 651; x_wconf 87' lang='lat' dir='ltr'><strong>altera,</strong></span> 
     </span>
     <span class='ocr_line' id='line_1_4' title="bbox 181 666 1327 759; baseline -0.003 -21"><span class='ocrx_word' id='word_1_23' title='bbox 181 686 304 758; x_wconf 86' lang='lat' dir='ltr'><strong>4quae</strong></span> <span class='ocrx_word' id='word_1_24' title='bbox 325 690 442 759; x_wconf 80' lang='lat' dir='ltr'><strong>expers</strong></span> <span class='ocrx_word' id='word_1_25' title='bbox 457 677 554 736; x_wconf 89' lang='lat' dir='ltr'><strong>cantu</strong></span> <span class='ocrx_word' id='word_1_26' title='bbox 574 677 632 736; x_wconf 88' lang='lat' dir='ltr'><strong>est.</strong></span> <span class='ocrx_word' id='word_1_27' title='bbox 684 669 815 736; x_wconf 89' lang='lat' dir='ltr'><strong>Harum</strong></span> <span class='ocrx_word' id='word_1_28' title='bbox 836 669 904 736; x_wconf 87' lang='lat' dir='ltr'><strong>sive</strong></span> <span class='ocrx_word' id='word_1_29' title='bbox 920 668 991 756; x_wconf 89' lang='lat' dir='ltr'><strong>quis</strong></span> <span class='ocrx_word' id='word_1_30' title='bbox 1012 666 1178 734; x_wconf 86' lang='lat' dir='ltr'><strong>diversam</strong></span> <span class='ocrx_word' id='word_1_31' title='bbox 1189 667 1235 735; x_wconf 93' lang='lat' dir='ltr'><strong>ad</strong></span> <span class='ocrx_word' id='word_1_32' title='bbox 1253 669 1327 735; x_wconf 91' lang='lat' dir='ltr'><strong>ani-</strong></span> 
     </span>
     <span class='ocr_line' id='line_1_5' title="bbox 210 769 1327 863; baseline -0.004 -23"><span class='ocrx_word' id='word_1_33' title='bbox 210 794 284 840; x_wconf 90' lang='lat' dir='ltr'><strong>mos</strong></span> <span class='ocrx_word' id='word_1_34' title='bbox 305 771 391 855; x_wconf 82' lang='lat' dir='ltr'><strong>vim,</strong></span> <span class='ocrx_word' id='word_1_35' title='bbox 418 770 486 839; x_wconf 87' lang='lat' dir='ltr'><strong>sive</strong></span> <span class='ocrx_word' id='word_1_36' title='bbox 507 793 601 854; x_wconf 89' lang='lat' dir='ltr'><strong>earn,</strong></span> <span class='ocrx_word' id='word_1_37' title='bbox 626 793 713 859; x_wconf 91' lang='lat' dir='ltr'><strong>quae</strong></span> <span class='ocrx_word' id='word_1_38' title='bbox 736 773 883 863; x_wconf 88' lang='lat' dir='ltr'><strong>ipsarum</strong></span> <span class='ocrx_word' id='word_1_39' title='bbox 912 779 960 837; x_wconf 89' lang='lat' dir='ltr'><strong>est</strong></span> <span class='ocrx_word' id='word_1_40' title='bbox 982 769 1148 854; x_wconf 88' lang='lat' dir='ltr'><strong>conditio,</strong></span> <span class='ocrx_word' id='word_1_41' title='bbox 1184 779 1327 860; x_wconf 76' lang='lat' dir='ltr'><strong>spectet,</strong></span> 
     </span>
     <span class='ocr_line' id='line_1_6' title="bbox 210 873 1328 963; baseline -0.002 -19"><span class='ocrx_word' id='word_1_42' title='bbox 210 883 345 944; x_wconf 88' lang='lat' dir='ltr'><strong>cantum</strong></span> <span class='ocrx_word' id='word_1_43' title='bbox 369 873 514 941; x_wconf 77' lang='lat' dir='ltr'><strong>fateatur</strong></span> <span class='ocrx_word' id='word_1_44' title='bbox 537 895 671 941; x_wconf 90' lang='lat' dir='ltr'><strong>necesse</strong></span> <span class='ocrx_word' id='word_1_45' title='bbox 703 882 751 940; x_wconf 97' lang='grc' dir='ltr'><strong>θεῖ</strong></span> <span class='ocrx_word' id='word_1_46' title='bbox 770 875 814 940; x_wconf 92' lang='lat' dir='ltr'><strong>ad</strong></span> <span class='ocrx_word' id='word_1_47' title='bbox 835 873 971 963; x_wconf 83' lang='lat' dir='ltr'><strong>poesin,</strong></span> <span class='ocrx_word' id='word_1_48' title='bbox 1005 894 1124 940; x_wconf 90' lang='lat' dir='ltr'><strong>vocem</strong></span> <span class='ocrx_word' id='word_1_49' title='bbox 1144 895 1232 960; x_wconf 85' lang='lat' dir='ltr'><strong>quae</strong></span> <span class='ocrx_word' id='word_1_50' title='bbox 1259 874 1328 942; x_wconf 88' lang='lat' dir='ltr'><strong>sine</strong></span> 
     </span>
     <span class='ocr_line' id='line_1_7' title="bbox 211 975 1328 1066; baseline -0.002 -21"><span class='ocrx_word' id='word_1_51' title='bbox 211 986 309 1045; x_wconf 89' lang='lat' dir='ltr'><strong>cantu</strong></span> <span class='ocrx_word' id='word_1_52' title='bbox 324 985 371 1043; x_wconf 90' lang='lat' dir='ltr'><strong>est</strong></span> <span class='ocrx_word' id='word_1_53' title='bbox 387 975 432 1042; x_wconf 92' lang='lat' dir='ltr'><strong>ad</strong></span> <span class='ocrx_word' id='word_1_54' title='bbox 445 997 581 1066; x_wconf 85' lang='lat' dir='ltr'>prosam</span> <span class='ocrx_word' id='word_1_55' title='bbox 598 977 782 1043; x_wconf 84' lang='lat' dir='ltr'><strong>orationem</strong></span> <span class='ocrx_word' id='word_1_56' title='bbox 798 975 1009 1045; x_wconf 83' lang='lat' dir='ltr'><strong>referendam</strong></span> <span class='ocrx_word' id='word_1_57' title='bbox 1027 998 1106 1043; x_wconf 89' lang='lat' dir='ltr'><strong>esse.</strong></span> <span class='ocrx_word' id='word_1_58' title='bbox 1158 977 1328 1065; x_wconf 87' lang='lat' dir='ltr'><strong>Apertum</strong></span> 
     </span>
     <span class='ocr_line' id='line_1_8' title="bbox 211 1077 1326 1167; baseline -0.002 -19"><span class='ocrx_word' id='word_1_59' title='bbox 211 1090 261 1148; x_wconf 88' lang='lat' dir='ltr'><strong>est</strong></span> <span class='ocrx_word' id='word_1_60' title='bbox 283 1079 387 1163; x_wconf 92' lang='lat' dir='ltr'><strong>enim,</strong></span> <span class='ocrx_word' id='word_1_61' title='bbox 414 1079 483 1146; x_wconf 92' lang='lat' dir='ltr'><strong>sine</strong></span> <span class='ocrx_word' id='word_1_62' title='bbox 504 1088 604 1146; x_wconf 92' lang='lat' dir='ltr'><strong>cantu</strong></span> <span class='ocrx_word' id='word_1_63' title='bbox 625 1101 682 1147; x_wconf 90' lang='lat' dir='ltr'><strong>eos</strong></span> <span class='ocrx_word' id='word_1_64' title='bbox 704 1079 814 1167; x_wconf 93' lang='lat' dir='ltr'><strong>loqui,</strong></span> <span class='ocrx_word' id='word_1_65' title='bbox 853 1079 911 1166; x_wconf 91' lang='lat' dir='ltr'><strong>qui</strong></span> <span class='ocrx_word' id='word_1_66' title='bbox 941 1077 1101 1167; x_wconf 85' lang='lat' dir='ltr'>cognosci</span> <span class='ocrx_word' id='word_1_67' title='bbox 1129 1078 1256 1166; x_wconf 84' lang='lat' dir='ltr'><strong>aliquid</strong></span> <span class='ocrx_word' id='word_1_68' title='bbox 1282 1079 1326 1146; x_wconf 92' lang='lat' dir='ltr'><strong>ab</strong></span> 
     </span>
     <span class='ocr_line' id='line_1_9' title="bbox 210 1180 1327 1270; baseline 0.002 -22"><span class='ocrx_word' id='word_1_69' title='bbox 210 1183 282 1250; x_wconf 91' lang='lat' dir='ltr'><strong>aliis</strong></span> <span class='ocrx_word' id='word_1_70' title='bbox 297 1183 427 1249; x_wconf 87' lang='lat' dir='ltr'><strong>volunt:</strong></span> <span class='ocrx_word' id='word_1_71' title='bbox 454 1191 587 1250; x_wconf 91' lang='lat' dir='ltr'><strong>cantum</strong></span> <span class='ocrx_word' id='word_1_72' title='bbox 605 1191 715 1249; x_wconf 89' lang='lat' dir='ltr'><strong>autem</strong></span> <span class='ocrx_word' id='word_1_73' title='bbox 736 1206 776 1251; x_wconf 89' lang='lat' dir='ltr'><strong>ea</strong></span> <span class='ocrx_word' id='word_1_74' title='bbox 801 1203 872 1250; x_wconf 89' lang='lat' dir='ltr'><strong>esse</strong></span> <span class='ocrx_word' id='word_1_75' title='bbox 891 1180 1145 1270; x_wconf 83' lang='lat' dir='ltr'><strong>ripraeditum‚</strong></span> <span class='ocrx_word' id='word_1_76' title='bbox 1170 1192 1208 1247; x_wconf 91' lang='lat' dir='ltr'><strong>ut</strong></span> <span class='ocrx_word' id='word_1_77' title='bbox 1229 1181 1327 1250; x_wconf 86' lang='lat' dir='ltr'><strong>unice</strong></span> 
     </span>
     <span class='ocr_line' id='line_1_10' title="bbox 210 1282 1326 1377; baseline -0.001 -26"><span class='ocrx_word' id='word_1_78' title='bbox 210 1285 255 1352; x_wconf 90' lang='lat' dir='ltr'><strong>ad</strong></span> <span class='ocrx_word' id='word_1_79' title='bbox 278 1285 473 1352; x_wconf 86' lang='lat' dir='ltr'><strong>suavitatem</strong></span> <span class='ocrx_word' id='word_1_80' title='bbox 498 1295 598 1377; x_wconf 84' lang='lat' dir='ltr'><strong>atque</strong></span> <span class='ocrx_word' id='word_1_81' title='bbox 621 1285 878 1352; x_wconf 88' lang='lat' dir='ltr'><strong>oblectationem</strong></span> <span class='ocrx_word' id='word_1_82' title='bbox 898 1284 1007 1354; x_wconf 86' lang='lat' dir='ltr'><strong>sactus</strong></span> <span class='ocrx_word' id='word_1_83' title='bbox 1020 1282 1182 1351; x_wconf 86' lang='lat' dir='ltr'><strong>videatur.</strong></span> <span class='ocrx_word' id='word_1_84' title='bbox 1236 1284 1326 1368; x_wconf 80' lang='lat' dir='ltr'><strong>Quin</strong></span> 
     </span>
     <span class='ocr_line' id='line_1_11' title="bbox 211 1385 1326 1476; baseline -0.003 -20"><span class='ocrx_word' id='word_1_85' title='bbox 211 1389 312 1456; x_wconf 91' lang='lat' dir='ltr'><strong>etiam</strong></span> <span class='ocrx_word' id='word_1_86' title='bbox 332 1387 405 1476; x_wconf 85' lang='lat' dir='ltr'><strong>ipsa</strong></span> <span class='ocrx_word' id='word_1_87' title='bbox 423 1389 515 1456; x_wconf 88' lang='lat' dir='ltr'><strong>vocis</strong></span> <span class='ocrx_word' id='word_1_88' title='bbox 542 1411 628 1476; x_wconf 91' lang='lat' dir='ltr'><strong>quae</strong></span> <span class='ocrx_word' id='word_1_89' title='bbox 651 1397 700 1455; x_wconf 89' lang='lat' dir='ltr'><strong>est</strong></span> <span class='ocrx_word' id='word_1_90' title='bbox 721 1388 789 1456; x_wconf 91' lang='lat' dir='ltr'><strong>sine</strong></span> <span class='ocrx_word' id='word_1_91' title='bbox 810 1397 927 1471; x_wconf 88' lang='lat' dir='ltr'><strong>cantu,</strong></span> <span class='ocrx_word' id='word_1_92' title='bbox 963 1396 996 1454; x_wconf 93' lang='lat' dir='ltr'><strong>et</strong></span> <span class='ocrx_word' id='word_1_93' title='bbox 1020 1385 1089 1453; x_wconf 91' lang='lat' dir='ltr'><strong>eius</strong></span> <span class='ocrx_word' id='word_1_94' title='bbox 1105 1387 1193 1473; x_wconf 77' lang='lat' dir='ltr'><strong>quae</strong></span> <span class='ocrx_word' id='word_1_95' title='bbox 1211 1398 1326 1455; x_wconf 89' lang='lat' dir='ltr'><strong>cantus</strong></span> 
     </span>
     <span class='ocr_line' id='line_1_12' title="bbox 210 1488 1325 1579; baseline -0.002 -22"><span class='ocrx_word' id='word_1_96' title='bbox 210 1491 332 1557; x_wconf 89' lang='lat' dir='ltr'><strong>dicitur</strong></span> <span class='ocrx_word' id='word_1_97' title='bbox 361 1490 552 1575; x_wconf 77' lang='lat' dir='ltr'><strong>diversitaS,</strong></span> <span class='ocrx_word' id='word_1_98' title='bbox 597 1490 656 1578; x_wconf 92' lang='lat' dir='ltr'><strong>qui</strong></span> <span class='ocrx_word' id='word_1_99' title='bbox 678 1493 720 1558; x_wconf 89' lang='lat' dir='ltr'><strong>sit</strong></span> <span class='ocrx_word' id='word_1_100' title='bbox 748 1493 920 1579; x_wconf 88' lang='lat' dir='ltr'><strong>utriusque</strong></span> <span class='ocrx_word' id='word_1_101' title='bbox 946 1490 1037 1572; x_wconf 87' lang='lat' dir='ltr'><strong>finis,</strong></span> <span class='ocrx_word' id='word_1_102' title='bbox 1073 1488 1164 1556; x_wconf 90' lang='lat' dir='ltr'><strong>clare</strong></span> <span class='ocrx_word' id='word_1_103' title='bbox 1190 1488 1325 1558; x_wconf 87' lang='lat' dir='ltr'><strong>indicat</strong></span> 
     </span>
     <span class='ocr_line' id='line_1_13' title="bbox 210 1591 1326 1683; baseline -0.001 -23"><span class='ocrx_word' id='word_1_104' title='bbox 210 1594 315 1673; x_wconf 90' lang='lat' dir='ltr'><strong>Nam,</strong></span> <span class='ocrx_word' id='word_1_105' title='bbox 342 1592 368 1659; x_wconf 88' lang='lat' dir='ltr'><strong>si</strong></span> <span class='ocrx_word' id='word_1_106' title='bbox 382 1593 519 1681; x_wconf 89' lang='lat' dir='ltr'><strong>quidem</strong></span> <span class='ocrx_word' id='word_1_107' title='bbox 536 1616 604 1683; x_wconf 84' lang='lat' dir='ltr'><strong>ego</strong></span> <span class='ocrx_word' id='word_1_108' title='bbox 624 1593 751 1681; x_wconf 87' lang='lat' dir='ltr'><strong>aliquid</strong></span> <span class='ocrx_word' id='word_1_109' title='bbox 766 1593 800 1658; x_wconf 91' lang='lat' dir='ltr'><strong>in</strong></span> <span class='ocrx_word' id='word_1_110' title='bbox 817 1592 884 1661; x_wconf 91' lang='lat' dir='ltr'><strong>hac</strong></span> <span class='ocrx_word' id='word_1_111' title='bbox 899 1617 934 1660; x_wconf 91' lang='lat' dir='ltr'><strong>re</strong></span> <span class='ocrx_word' id='word_1_112' title='bbox 954 1591 1072 1679; x_wconf 87' lang='lat' dir='ltr'><strong>video,</strong></span> <span class='ocrx_word' id='word_1_113' title='bbox 1100 1591 1212 1676; x_wconf 90' lang='lat' dir='ltr'><strong>vocis,</strong></span> <span class='ocrx_word' id='word_1_114' title='bbox 1239 1615 1326 1682; x_wconf 89' lang='lat' dir='ltr'><strong>quae</strong></span> 
     </span>
     <span class='ocr_line' id='line_1_14' title="bbox 209 1693 1326 1779; baseline -0.002 -17"><span class='ocrx_word' id='word_1_115' title='bbox 209 1693 406 1763; x_wconf 89' lang='lat' dir='ltr'><strong>nonhabet</strong></span> <span class='ocrx_word' id='word_1_116' title='bbox 428 1705 578 1779; x_wconf 88' lang='lat' dir='ltr'><strong>cautum,</strong></span> <span class='ocrx_word' id='word_1_117' title='bbox 611 1719 652 1763; x_wconf 93' lang='lat' dir='ltr'><strong>ea</strong></span> <span class='ocrx_word' id='word_1_118' title='bbox 675 1705 725 1762; x_wconf 86' lang='lat' dir='ltr'><strong>est</strong></span> <span class='ocrx_word' id='word_1_119' title='bbox 748 1696 853 1779; x_wconf 88' lang='lat' dir='ltr'><strong>ratio,</strong></span> <span class='ocrx_word' id='word_1_120' title='bbox 879 1705 916 1761; x_wconf 92' lang='lat' dir='ltr'><strong>ut</strong></span> <span class='ocrx_word' id='word_1_121' title='bbox 937 1716 1035 1762; x_wconf 90' lang='lat' dir='ltr'><strong>sonos</strong></span> <span class='ocrx_word' id='word_1_122' title='bbox 1051 1694 1239 1778; x_wconf 76' lang='lat' dir='ltr'><strong>coniusiuS,</strong></span> <span class='ocrx_word' id='word_1_123' title='bbox 1264 1716 1326 1760; x_wconf 89' lang='lat' dir='ltr'><strong>ue-</strong></span> 
     </span>
     <span class='ocr_line' id='line_1_15' title="bbox 211 1796 1325 1887; baseline -0.002 -22"><span class='ocrx_word' id='word_1_124' title='bbox 211 1822 279 1886; x_wconf 93' lang='lat' dir='ltr'><strong>que</strong></span> <span class='ocrx_word' id='word_1_125' title='bbox 305 1809 462 1866; x_wconf 88' lang='lat' dir='ltr'><strong>accurato</strong></span> <span class='ocrx_word' id='word_1_126' title='bbox 487 1808 520 1866; x_wconf 90' lang='grc' dir='ltr'><strong>θῖ</strong></span> <span class='ocrx_word' id='word_1_127' title='bbox 540 1798 707 1886; x_wconf 87' lang='lat' dir='ltr'><strong>aequabili</strong></span> <span class='ocrx_word' id='word_1_128' title='bbox 736 1799 820 1866; x_wconf 88' lang='lat' dir='ltr'><strong>aeris</strong></span> <span class='ocrx_word' id='word_1_129' title='bbox 843 1799 943 1887; x_wconf 87' lang='lat' dir='ltr'><strong>pulsu</strong></span> <span class='ocrx_word' id='word_1_130' title='bbox 968 1796 1139 1866; x_wconf 88' lang='lat' dir='ltr'><strong>distinctos</strong></span> <span class='ocrx_word' id='word_1_131' title='bbox 1164 1796 1325 1886; x_wconf 86' lang='lat' dir='ltr'><strong>proferat</strong></span> 
     </span>
     <span class='ocr_line' id='line_1_16' title="bbox 212 1898 1327 1990; baseline 0 -24"><span class='ocrx_word' id='word_1_132' title='bbox 212 1899 326 1983; x_wconf 80' lang='lat' dir='ltr'><strong>Quare</strong></span> <span class='ocrx_word' id='word_1_133' title='bbox 349 1922 435 1988; x_wconf 89' lang='lat' dir='ltr'><strong>quae</strong></span> <span class='ocrx_word' id='word_1_134' title='bbox 463 1899 510 1967; x_wconf 89' lang='lat' dir='ltr'><strong>sic</strong></span> <span class='ocrx_word' id='word_1_135' title='bbox 530 1902 809 1990; x_wconf 84' lang='lat' dir='ltr'><strong>pronunciantur,</strong></span> <span class='ocrx_word' id='word_1_136' title='bbox 843 1901 878 1967; x_wconf 91' lang='lat' dir='ltr'><strong>in</strong></span> <span class='ocrx_word' id='word_1_137' title='bbox 901 1900 954 1967; x_wconf 91' lang='lat' dir='ltr'><strong>his</strong></span> <span class='ocrx_word' id='word_1_138' title='bbox 983 1899 1059 1966; x_wconf 88' lang='lat' dir='ltr'><strong>satis</strong></span> <span class='ocrx_word' id='word_1_139' title='bbox 1085 1898 1270 1984; x_wconf 74' lang='lat' dir='ltr'><strong>habemuS,</strong></span> <span class='ocrx_word' id='word_1_140' title='bbox 1301 1899 1327 1966; x_wconf 88' lang='lat' dir='ltr'><strong>si</strong></span> 
     </span>
     <span class='ocr_line' id='line_1_17' title="bbox 211 2001 1326 2093; baseline 0.002 -26"><span class='ocrx_word' id='word_1_141' title='bbox 211 2002 271 2068; x_wconf 91' lang='lat' dir='ltr'><strong>illa</strong></span> <span class='ocrx_word' id='word_1_142' title='bbox 282 2022 405 2069; x_wconf 88' lang='lat' dir='ltr'><strong>vocum</strong></span> <span class='ocrx_word' id='word_1_143' title='bbox 418 2001 605 2070; x_wconf 90' lang='lat' dir='ltr'><strong>discrimina</strong></span> <span class='ocrx_word' id='word_1_144' title='bbox 619 2005 728 2070; x_wconf 89' lang='lat' dir='ltr'><strong>notari</strong></span> <span class='ocrx_word' id='word_1_145' title='bbox 741 2013 898 2093; x_wconf 84' lang='lat' dir='ltr'><strong>possunt,</strong></span> <span class='ocrx_word' id='word_1_146' title='bbox 923 2025 1009 2090; x_wconf 92' lang='lat' dir='ltr'><strong>quae</strong></span> <span class='ocrx_word' id='word_1_147' title='bbox 1025 2002 1070 2069; x_wconf 93' lang='lat' dir='ltr'><strong>ad</strong></span> <span class='ocrx_word' id='word_1_148' title='bbox 1084 2003 1326 2070; x_wconf 90' lang='lat' dir='ltr'><strong>vocabulorum</strong></span> 
     </span>
     <span class='ocr_line' id='line_1_18' title="bbox 211 2104 1328 2196; baseline 0.001 -25"><span class='ocrx_word' id='word_1_149' title='bbox 211 2104 487 2196; x_wconf 79' lang='lat' dir='ltr'><strong>significationem</strong></span> <span class='ocrx_word' id='word_1_150' title='bbox 514 2115 547 2172; x_wconf 90' lang='lat' dir='ltr'><strong>et</strong></span> <span class='ocrx_word' id='word_1_151' title='bbox 570 2107 638 2173; x_wconf 81' lang='lat' dir='ltr'><strong>vim</strong></span> <span class='ocrx_word' id='word_1_152' title='bbox 661 2105 914 2196; x_wconf 89' lang='lat' dir='ltr'><strong>percipiendam</strong></span> <span class='ocrx_word' id='word_1_153' title='bbox 938 2104 1044 2172; x_wconf 89' lang='lat' dir='ltr'><strong>audiri</strong></span> <span class='ocrx_word' id='word_1_154' title='bbox 1066 2115 1167 2193; x_wconf 90' lang='lat' dir='ltr'><strong>atque</strong></span> <span class='ocrx_word' id='word_1_155' title='bbox 1185 2104 1328 2175; x_wconf 89' lang='lat' dir='ltr'><strong>discerni</strong></span> 
     </span>
     <span class='ocr_line' id='line_1_19' title="bbox 210 2207 1326 2299; baseline 0.002 -26"><span class='ocrx_word' id='word_1_156' title='bbox 210 2230 346 2275; x_wconf 84' lang='lat' dir='ltr'><strong>necesse</strong></span> <span class='ocrx_word' id='word_1_157' title='bbox 368 2217 426 2275; x_wconf 90' lang='lat' dir='ltr'><strong>est.</strong></span> <span class='ocrx_word' id='word_1_158' title='bbox 479 2208 521 2274; x_wconf 96' lang='lat' dir='ltr'><strong>ld</strong></span> <span class='ocrx_word' id='word_1_159' title='bbox 544 2230 624 2277; x_wconf 88' lang='lat' dir='ltr'><strong>vero</strong></span> <span class='ocrx_word' id='word_1_160' title='bbox 640 2217 688 2276; x_wconf 90' lang='lat' dir='ltr'><strong>est</strong></span> <span class='ocrx_word' id='word_1_161' title='bbox 709 2208 778 2277; x_wconf 90' lang='lat' dir='ltr'><strong>eius</strong></span> <span class='ocrx_word' id='word_1_162' title='bbox 792 2209 965 2293; x_wconf 77' lang='lat' dir='ltr'><strong>orationiS,</strong></span> <span class='ocrx_word' id='word_1_163' title='bbox 993 2230 1080 2296; x_wconf 86' lang='lat' dir='ltr'><strong>quae</strong></span> <span class='ocrx_word' id='word_1_164' title='bbox 1097 2207 1142 2275; x_wconf 92' lang='lat' dir='ltr'><strong>ad</strong></span> <span class='ocrx_word' id='word_1_165' title='bbox 1156 2209 1326 2299; x_wconf 69' lang='lat' dir='ltr'><strong>cognitio·</strong></span> 
     </span>
     <span class='ocr_line' id='line_1_20' title="bbox 210 2310 1327 2402; baseline 0 -25"><span class='ocrx_word' id='word_1_166' title='bbox 210 2333 288 2378; x_wconf 89' lang='lat' dir='ltr'><strong>nem</strong></span> <span class='ocrx_word' id='word_1_167' title='bbox 309 2311 495 2401; x_wconf 86' lang='lat' dir='ltr'><strong>composita</strong></span> <span class='ocrx_word' id='word_1_168' title='bbox 515 2320 580 2379; x_wconf 85' lang='lat' dir='ltr'><strong>est:</strong></span> <span class='ocrx_word' id='word_1_169' title='bbox 603 2335 693 2402; x_wconf 88' lang='lat' dir='ltr'><strong>quae</strong></span> <span class='ocrx_word' id='word_1_170' title='bbox 714 2312 794 2400; x_wconf 90' lang='lat' dir='ltr'><strong>quia</strong></span> <span class='ocrx_word' id='word_1_171' title='bbox 824 2312 910 2379; x_wconf 91' lang='lat' dir='ltr'><strong>nihil</strong></span> <span class='ocrx_word' id='word_1_172' title='bbox 938 2320 1033 2378; x_wconf 90' lang='lat' dir='ltr'><strong>curat</strong></span> <span class='ocrx_word' id='word_1_173' title='bbox 1060 2310 1170 2396; x_wconf 92' lang='lat' dir='ltr'><strong>aliud,</strong></span> <span class='ocrx_word' id='word_1_174' title='bbox 1205 2310 1267 2378; x_wconf 88' lang='lat' dir='ltr'><strong>nisi</strong></span> <span class='ocrx_word' id='word_1_175' title='bbox 1291 2319 1327 2378; x_wconf 93' lang='lat' dir='ltr'><strong>ut</strong></span> 
     </span>
    </p>
   </div>
   <div class='ocr_carea' id='block_1_3' title="bbox 76 2413 1326 2506">
    <p class='ocr_par' dir='ltr' id='par_1_4' title="bbox 76 2413 1326 2506">
     <span class='ocr_line' id='line_1_21' title="bbox 76 2413 1326 2506; baseline 0 -24"><span class='ocrx_word' id='word_1_176' title='bbox 76 2476 88 2497; x_wconf 73' lang='grc'><em>,</em></span> <span class='ocrx_word' id='word_1_177' title='bbox 210 2413 346 2482; x_wconf 90' lang='lat' dir='ltr'><strong>notitiae</strong></span> <span class='ocrx_word' id='word_1_178' title='bbox 368 2436 482 2482; x_wconf 90' lang='lat' dir='ltr'><strong>rerum</strong></span> <span class='ocrx_word' id='word_1_179' title='bbox 501 2414 612 2482; x_wconf 90' lang='lat' dir='ltr'><strong>auimo</strong></span> <span class='ocrx_word' id='word_1_180' title='bbox 642 2414 888 2506; x_wconf 88' lang='lat' dir='ltr'><strong>comprehendi</strong></span> <span class='ocrx_word' id='word_1_181' title='bbox 915 2424 1055 2503; x_wconf 88' lang='lat' dir='ltr'><strong>queant,</strong></span> <span class='ocrx_word' id='word_1_182' title='bbox 1096 2436 1233 2482; x_wconf 91' lang='lat' dir='ltr'><strong>omnem</strong></span> <span class='ocrx_word' id='word_1_183' title='bbox 1258 2415 1326 2482; x_wconf 88' lang='lat' dir='ltr'><strong>vim</strong></span> 
     </span>
    </p>
   </div>
   <div class='ocr_carea' id='block_1_4' title="bbox 209 2516 1331 4362">
    <p class='ocr_par' dir='ltr' id='par_1_5' title="bbox 209 2516 1331 4362">
     <span class='ocr_line' id='line_1_22' title="bbox 210 2516 1327 2607; baseline 0 -24"><span class='ocrx_word' id='word_1_184' title='bbox 210 2539 304 2586; x_wconf 88' lang='lat' dir='ltr'><strong>suam</strong></span> <span class='ocrx_word' id='word_1_185' title='bbox 318 2516 415 2585; x_wconf 93' lang='lat' dir='ltr'><strong>ineo</strong></span> <span class='ocrx_word' id='word_1_186' title='bbox 439 2518 621 2607; x_wconf 85' lang='lat' dir='ltr'><strong>expromit,</strong></span> <span class='ocrx_word' id='word_1_187' title='bbox 647 2528 685 2585; x_wconf 89' lang='lat' dir='ltr'><strong>ut</strong></span> <span class='ocrx_word' id='word_1_188' title='bbox 705 2517 767 2586; x_wconf 87' lang='lat' dir='ltr'><strong>has</strong></span> <span class='ocrx_word' id='word_1_189' title='bbox 790 2541 893 2607; x_wconf 90' lang='lat' dir='ltr'><strong>quam</strong></span> <span class='ocrx_word' id='word_1_190' title='bbox 916 2517 1145 2588; x_wconf 79' lang='lat' dir='ltr'><strong>efficacissime</strong></span> <span class='ocrx_word' id='word_1_191' title='bbox 1160 2518 1327 2585; x_wconf 89' lang='lat' dir='ltr'><strong>mentibus</strong></span> 
     </span>
     <span class='ocr_line' id='line_1_23' title="bbox 209 2620 1326 2710; baseline 0.001 -25"><span class='ocrx_word' id='word_1_192' title='bbox 209 2620 360 2690; x_wconf 89' lang='lat' dir='ltr'><strong>insinuet.</strong></span> <span class='ocrx_word' id='word_1_193' title='bbox 412 2620 522 2688; x_wconf 84' lang='lat' dir='ltr'><strong>Aliter</strong></span> <span class='ocrx_word' id='word_1_194' title='bbox 541 2645 576 2688; x_wconf 90' lang='lat' dir='ltr'><strong>se</strong></span> <span class='ocrx_word' id='word_1_195' title='bbox 595 2644 648 2690; x_wconf 81' lang='lat' dir='ltr'><strong>res</strong></span> <span class='ocrx_word' id='word_1_196' title='bbox 668 2620 775 2688; x_wconf 89' lang='lat' dir='ltr'><strong>habet</strong></span> <span class='ocrx_word' id='word_1_197' title='bbox 795 2623 829 2687; x_wconf 96' lang='lat' dir='ltr'><strong>in</strong></span> <span class='ocrx_word' id='word_1_198' title='bbox 845 2630 953 2688; x_wconf 90' lang='lat' dir='ltr'><strong>cantu.</strong></span> <span class='ocrx_word' id='word_1_199' title='bbox 1005 2621 1074 2688; x_wconf 92' lang='lat' dir='ltr'><strong>Hic</strong></span> <span class='ocrx_word' id='word_1_200' title='bbox 1089 2622 1249 2710; x_wconf 89' lang='lat' dir='ltr'><strong>quoniam</strong></span> <span class='ocrx_word' id='word_1_201' title='bbox 1263 2642 1326 2687; x_wconf 86' lang='lat' dir='ltr'><strong>vo-</strong></span> 
     </span>
     <span class='ocr_line' id='line_1_24' title="bbox 212 2721 1327 2814; baseline -0.001 -24"><span class='ocrx_word' id='word_1_202' title='bbox 212 2743 267 2790; x_wconf 87' lang='lat' dir='ltr'><strong>ces</strong></span> <span class='ocrx_word' id='word_1_203' title='bbox 293 2721 364 2788; x_wconf 88' lang='lat' dir='ltr'><strong>edit</strong></span> <span class='ocrx_word' id='word_1_204' title='bbox 385 2723 554 2811; x_wconf 90' lang='lat' dir='ltr'><strong>aequabili</strong></span> <span class='ocrx_word' id='word_1_205' title='bbox 582 2724 666 2790; x_wconf 91' lang='lat' dir='ltr'><strong>aeris</strong></span> <span class='ocrx_word' id='word_1_206' title='bbox 695 2725 795 2814; x_wconf 89' lang='lat' dir='ltr'><strong>pulsu</strong></span> <span class='ocrx_word' id='word_1_207' title='bbox 819 2723 995 2808; x_wconf 83' lang='lat' dir='ltr'><strong>discretas,</strong></span> <span class='ocrx_word' id='word_1_208' title='bbox 1021 2744 1089 2790; x_wconf 92' lang='lat' dir='ltr'><strong>non</strong></span> <span class='ocrx_word' id='word_1_209' title='bbox 1110 2733 1180 2790; x_wconf 89' lang='lat' dir='ltr'><strong>tam</strong></span> <span class='ocrx_word' id='word_1_210' title='bbox 1204 2723 1250 2791; x_wconf 91' lang='lat' dir='ltr'><strong>ad</strong></span> <span class='ocrx_word' id='word_1_211' title='bbox 1279 2723 1327 2807; x_wconf 93' lang='lat' dir='ltr'><strong>id,</strong></span> 
     </span>
     <span class='ocr_line' id='line_1_25' title="bbox 212 2824 1327 2918; baseline 0.001 -27"><span class='ocrx_word' id='word_1_212' title='bbox 212 2824 307 2912; x_wconf 93' lang='lat' dir='ltr'><strong>quod</strong></span> <span class='ocrx_word' id='word_1_213' title='bbox 321 2825 461 2892; x_wconf 88' lang='lat' dir='ltr'><strong>vocibus</strong></span> <span class='ocrx_word' id='word_1_214' title='bbox 473 2826 688 2918; x_wconf 81' lang='lat' dir='ltr'><strong>significatur,</strong></span> <span class='ocrx_word' id='word_1_215' title='bbox 715 2827 861 2894; x_wconf 90' lang='lat' dir='ltr'><strong>animum</strong></span> <span class='ocrx_word' id='word_1_216' title='bbox 877 2825 1003 2916; x_wconf 83' lang='lat' dir='ltr'><strong>subigit</strong></span> <span class='ocrx_word' id='word_1_217' title='bbox 1016 2827 1198 2911; x_wconf 88' lang='lat' dir='ltr'><strong>attendere,</strong></span> <span class='ocrx_word' id='word_1_218' title='bbox 1225 2849 1327 2916; x_wconf 86' lang='lat' dir='ltr'><strong>quam</strong></span> 
     </span>
     <span class='ocr_line' id='line_1_26' title="bbox 211 2926 1328 3020; baseline 0.004 -28"><span class='ocrx_word' id='word_1_219' title='bbox 211 2926 391 3018; x_wconf 86' lang='lat' dir='ltr'><strong>puritatem</strong></span> <span class='ocrx_word' id='word_1_220' title='bbox 415 2951 530 2997; x_wconf 89' lang='lat' dir='ltr'><strong>earum</strong></span> <span class='ocrx_word' id='word_1_221' title='bbox 552 2939 585 2997; x_wconf 91' lang='lat' dir='ltr'><strong>et</strong></span> <span class='ocrx_word' id='word_1_222' title='bbox 607 2930 832 2999; x_wconf 84' lang='lat' dir='ltr'><strong>discriminata</strong></span> <span class='ocrx_word' id='word_1_223' title='bbox 855 2929 951 2997; x_wconf 90' lang='lat' dir='ltr'><strong>certis</strong></span> <span class='ocrx_word' id='word_1_224' title='bbox 972 2930 1248 3020; x_wconf 90' lang='lat' dir='ltr'><strong>proportionibus</strong></span> <span class='ocrx_word' id='word_1_225' title='bbox 1276 2929 1328 2996; x_wconf 91' lang='lat' dir='ltr'><strong>in-</strong></span> 
     </span>
     <span class='ocr_line' id='line_1_27' title="bbox 211 3030 1327 3122; baseline 0 -24"><span class='ocrx_word' id='word_1_226' title='bbox 211 3030 352 3098; x_wconf 90' lang='lat' dir='ltr'><strong>tervalla</strong></span> <span class='ocrx_word' id='word_1_227' title='bbox 370 3032 563 3100; x_wconf 64' lang='lat' dir='ltr'><strong>observare,</strong></span> <span class='ocrx_word' id='word_1_228' title='bbox 608 3033 744 3121; x_wconf 90' lang='lat' dir='ltr'><strong>ltaque,</strong></span> <span class='ocrx_word' id='word_1_229' title='bbox 769 3042 807 3099; x_wconf 90' lang='lat' dir='ltr'><strong>ut</strong></span> <span class='ocrx_word' id='word_1_230' title='bbox 829 3033 903 3122; x_wconf 90' lang='lat' dir='ltr'><strong>ipsa</strong></span> <span class='ocrx_word' id='word_1_231' title='bbox 928 3042 1045 3100; x_wconf 89' lang='lat' dir='ltr'><strong>natura</strong></span> <span class='ocrx_word' id='word_1_232' title='bbox 1065 3032 1110 3099; x_wconf 92' lang='lat' dir='ltr'><strong>ad</strong></span> <span class='ocrx_word' id='word_1_233' title='bbox 1132 3033 1327 3100; x_wconf 86' lang='lat' dir='ltr'><strong>suavitatem</strong></span> 
     </span>
     <span class='ocr_line' id='line_1_28' title="bbox 212 3134 1328 3217; baseline 0 -16"><span class='ocrx_word' id='word_1_234' title='bbox 212 3134 337 3217; x_wconf 84' lang='lat' dir='ltr'><strong>factus,</strong></span> <span class='ocrx_word' id='word_1_235' title='bbox 369 3142 457 3201; x_wconf 88' lang='lat' dir='ltr'><strong>totus</strong></span> <span class='ocrx_word' id='word_1_236' title='bbox 485 3135 530 3201; x_wconf 92' lang='lat' dir='ltr'><strong>ad</strong></span> <span class='ocrx_word' id='word_1_237' title='bbox 559 3137 657 3203; x_wconf 89' lang='lat' dir='ltr'><strong>animi</strong></span> <span class='ocrx_word' id='word_1_238' title='bbox 687 3136 946 3204; x_wconf 87' lang='lat' dir='ltr'><strong>oblectationem</strong></span> <span class='ocrx_word' id='word_1_239' title='bbox 974 3134 1164 3203; x_wconf 75' lang='lat' dir='ltr'><strong>adhibetur.</strong></span> <span class='ocrx_word' id='word_1_240' title='bbox 1226 3135 1328 3202; x_wconf 85' lang='lat' dir='ltr'><strong>Vnde</strong></span> 
     </span>
     <span class='ocr_line' id='line_1_29' title="bbox 210 3237 1327 3328; baseline 0.002 -25"><span class='ocrx_word' id='word_1_241' title='bbox 210 3237 367 3328; x_wconf 89' lang='lat' dir='ltr'><strong>proprius</strong></span> <span class='ocrx_word' id='word_1_242' title='bbox 384 3247 432 3305; x_wconf 90' lang='lat' dir='ltr'><strong>est</strong></span> <span class='ocrx_word' id='word_1_243' title='bbox 446 3259 599 3327; x_wconf 89' lang='lat' dir='ltr'><strong>poeseos.</strong></span> <span class='ocrx_word' id='word_1_244' title='bbox 649 3238 720 3306; x_wconf 88' lang='lat' dir='ltr'><strong>Sed</strong></span> <span class='ocrx_word' id='word_1_245' title='bbox 742 3249 791 3307; x_wconf 92' lang='lat' dir='ltr'><strong>est</strong></span> <span class='ocrx_word' id='word_1_246' title='bbox 804 3238 862 3307; x_wconf 92' lang='lat' dir='ltr'><strong>hic</strong></span> <span class='ocrx_word' id='word_1_247' title='bbox 877 3240 974 3306; x_wconf 92' lang='lat' dir='ltr'><strong>nobis</strong></span> <span class='ocrx_word' id='word_1_248' title='bbox 997 3238 1041 3305; x_wconf 93' lang='lat' dir='ltr'><strong>ad</strong></span> <span class='ocrx_word' id='word_1_249' title='bbox 1058 3239 1141 3305; x_wconf 90' lang='lat' dir='ltr'><strong>duas</strong></span> <span class='ocrx_word' id='word_1_250' title='bbox 1156 3239 1327 3327; x_wconf 89' lang='lat' dir='ltr'><strong>quaestio-</strong></span> 
     </span>
     <span class='ocr_line' id='line_1_30' title="bbox 211 3340 1326 3430; baseline 0.002 -25"><span class='ocrx_word' id='word_1_251' title='bbox 211 3362 270 3406; x_wconf 87' lang='lat' dir='ltr'><strong>nes</strong></span> <span class='ocrx_word' id='word_1_252' title='bbox 292 3340 576 3430; x_wconf 90' lang='lat' dir='ltr'><strong>respondendum.</strong></span> <span class='ocrx_word' id='word_1_253' title='bbox 637 3344 726 3410; x_wconf 90' lang='lat' dir='ltr'><strong>Nam</strong></span> <span class='ocrx_word' id='word_1_254' title='bbox 749 3344 876 3411; x_wconf 88' lang='lat' dir='ltr'><strong>etiamsi</strong></span> <span class='ocrx_word' id='word_1_255' title='bbox 898 3341 991 3409; x_wconf 88' lang='lat' dir='ltr'><strong>haud</strong></span> <span class='ocrx_word' id='word_1_256' title='bbox 1008 3351 1135 3409; x_wconf 89' lang='lat' dir='ltr'><strong>temere</strong></span> <span class='ocrx_word' id='word_1_257' title='bbox 1150 3342 1326 3430; x_wconf 91' lang='lat' dir='ltr'><strong>quisquam</strong></span> 
     </span>
     <span class='ocr_line' id='line_1_31' title="bbox 213 3441 1327 3536; baseline 0.004 -29"><span class='ocrx_word' id='word_1_258' title='bbox 213 3441 396 3529; x_wconf 88' lang='lat' dir='ltr'><strong>dubitabit,</strong></span> <span class='ocrx_word' id='word_1_259' title='bbox 428 3444 509 3530; x_wconf 92' lang='lat' dir='ltr'><strong>quin</strong></span> <span class='ocrx_word' id='word_1_260' title='bbox 536 3455 650 3513; x_wconf 88' lang='lat' dir='ltr'><strong>cantus</strong></span> <span class='ocrx_word' id='word_1_261' title='bbox 676 3445 722 3513; x_wconf 89' lang='lat' dir='ltr'><strong>ad</strong></span> <span class='ocrx_word' id='word_1_262' title='bbox 742 3447 879 3536; x_wconf 86' lang='lat' dir='ltr'><strong>poesin,</strong></span> <span class='ocrx_word' id='word_1_263' title='bbox 912 3467 979 3512; x_wconf 83' lang='lat' dir='ltr'><strong>vox</strong></span> <span class='ocrx_word' id='word_1_264' title='bbox 1007 3454 1107 3513; x_wconf 89' lang='lat' dir='ltr'><strong>cantu</strong></span> <span class='ocrx_word' id='word_1_265' title='bbox 1137 3468 1257 3535; x_wconf 86' lang='lat' dir='ltr'><strong>expers</strong></span> <span class='ocrx_word' id='word_1_266' title='bbox 1283 3443 1327 3511; x_wconf 89' lang='lat' dir='ltr'><strong>ad</strong></span> 
     </span>
     <span class='ocr_line' id='line_1_32' title="bbox 211 3546 1327 3638; baseline 0.003 -27"><span class='ocrx_word' id='word_1_267' title='bbox 211 3565 349 3636; x_wconf 89' lang='lat' dir='ltr'><strong>prosam</strong></span> <span class='ocrx_word' id='word_1_268' title='bbox 372 3546 561 3625; x_wconf 50' lang='lat' dir='ltr'><strong>‚orationem</strong></span> <span class='ocrx_word' id='word_1_269' title='bbox 579 3550 767 3638; x_wconf 88' lang='lat' dir='ltr'><strong>pertineat,</strong></span> <span class='ocrx_word' id='word_1_270' title='bbox 805 3556 901 3616; x_wconf 90' lang='lat' dir='ltr'><strong>erunt</strong></span> <span class='ocrx_word' id='word_1_271' title='bbox 922 3557 1033 3615; x_wconf 90' lang='lat' dir='ltr'><strong>tamen</strong></span> <span class='ocrx_word' id='word_1_272' title='bbox 1062 3547 1227 3633; x_wconf 87' lang='lat' dir='ltr'><strong>fortasse,</strong></span> <span class='ocrx_word' id='word_1_273' title='bbox 1270 3547 1327 3637; x_wconf 91' lang='lat' dir='ltr'><strong>qui</strong></span> 
     </span>
     <span class='ocr_line' id='line_1_33' title="bbox 212 3648 1328 3741; baseline 0.003 -26"><span class='ocrx_word' id='word_1_274' title='bbox 212 3649 250 3716; x_wconf 94' lang='lat' dir='ltr'><strong>id</strong></span> <span class='ocrx_word' id='word_1_275' title='bbox 270 3648 342 3715; x_wconf 88' lang='lat' dir='ltr'><strong>usui</strong></span> <span class='ocrx_word' id='word_1_276' title='bbox 367 3648 476 3739; x_wconf 78' lang='lat' dir='ltr'><strong>magis</strong></span> <span class='ocrx_word' id='word_1_277' title='bbox 506 3661 539 3718; x_wconf 91' lang='lat' dir='ltr'><strong>et</strong></span> <span class='ocrx_word' id='word_1_278' title='bbox 563 3650 810 3735; x_wconf 90' lang='lat' dir='ltr'><strong>consuetudini,</strong></span> <span class='ocrx_word' id='word_1_279' title='bbox 845 3674 946 3741; x_wconf 88' lang='lat' dir='ltr'><strong>quam</strong></span> <span class='ocrx_word' id='word_1_280' title='bbox 977 3651 1164 3719; x_wconf 89' lang='lat' dir='ltr'><strong>necessitati</strong></span> <span class='ocrx_word' id='word_1_281' title='bbox 1192 3650 1328 3719; x_wconf 90' lang='lat' dir='ltr'><strong>cuidam</strong></span> 
     </span>
     <span class='ocr_line' id='line_1_34' title="bbox 211 3751 1328 3846; baseline 0.003 -29"><span class='ocrx_word' id='word_1_282' title='bbox 211 3751 426 3820; x_wconf 90' lang='lat' dir='ltr'><strong>tribuendum</strong></span> <span class='ocrx_word' id='word_1_283' title='bbox 450 3775 520 3821; x_wconf 88' lang='lat' dir='ltr'><strong>esse</strong></span> <span class='ocrx_word' id='word_1_284' title='bbox 545 3755 739 3822; x_wconf 85' lang='lat' dir='ltr'><strong>existiment.</strong></span> <span class='ocrx_word' id='word_1_285' title='bbox 805 3755 854 3823; x_wconf 91' lang='lat' dir='ltr'><strong>Hi</strong></span> <span class='ocrx_word' id='word_1_286' title='bbox 872 3755 975 3845; x_wconf 85' lang='lat' dir='ltr'><strong>igitur</strong></span> <span class='ocrx_word' id='word_1_287' title='bbox 999 3777 1109 3843; x_wconf 86' lang='lat' dir='ltr'><strong>neque</strong></span> <span class='ocrx_word' id='word_1_288' title='bbox 1137 3775 1198 3822; x_wconf 89' lang='lat' dir='ltr'><strong>cur</strong></span> <span class='ocrx_word' id='word_1_289' title='bbox 1225 3775 1328 3846; x_wconf 89' lang='lat' dir='ltr'><strong>prosa</strong></span> 
     </span>
     <span class='ocr_line' id='line_1_35' title="bbox 213 3855 1330 3947; baseline 0.001 -25"><span class='ocrx_word' id='word_1_290' title='bbox 213 3855 320 3923; x_wconf 90' lang='lat' dir='ltr'><strong>oratio</strong></span> <span class='ocrx_word' id='word_1_291' title='bbox 349 3878 483 3945; x_wconf 89' lang='lat' dir='ltr'><strong>semper</strong></span> <span class='ocrx_word' id='word_1_292' title='bbox 507 3865 541 3924; x_wconf 90' lang='lat' dir='ltr'><strong>et</strong></span> <span class='ocrx_word' id='word_1_293' title='bbox 563 3858 690 3946; x_wconf 85' lang='lat' dir='ltr'><strong>ubique</strong></span> <span class='ocrx_word' id='word_1_294' title='bbox 724 3866 859 3926; x_wconf 83' lang='lat' dir='ltr'><strong>cantum</strong></span> <span class='ocrx_word' id='word_1_295' title='bbox 885 3857 1094 3946; x_wconf 86' lang='lat' dir='ltr'><strong>adspernari,</strong></span> <span class='ocrx_word' id='word_1_296' title='bbox 1136 3881 1247 3947; x_wconf 89' lang='lat' dir='ltr'><strong>neque</strong></span> <span class='ocrx_word' id='word_1_297' title='bbox 1269 3879 1330 3926; x_wconf 90' lang='lat' dir='ltr'><strong>cur</strong></span> 
     </span>
     <span class='ocr_line' id='line_1_36' title="bbox 213 3960 1328 4052; baseline 0.002 -27"><span class='ocrx_word' id='word_1_298' title='bbox 213 3961 325 4048; x_wconf 89' lang='lat' dir='ltr'><strong>poesis</strong></span> <span class='ocrx_word' id='word_1_299' title='bbox 341 3979 410 4025; x_wconf 90' lang='lat' dir='ltr'><strong>non</strong></span> <span class='ocrx_word' id='word_1_300' title='bbox 430 3982 500 4027; x_wconf 89' lang='lat' dir='ltr'><strong>esse</strong></span> <span class='ocrx_word' id='word_1_301' title='bbox 516 3960 586 4027; x_wconf 90' lang='lat' dir='ltr'><strong>sine</strong></span> <span class='ocrx_word' id='word_1_302' title='bbox 600 3970 699 4029; x_wconf 84' lang='lat' dir='ltr'><strong>cantu</strong></span> <span class='ocrx_word' id='word_1_303' title='bbox 715 3961 856 4046; x_wconf 90' lang='lat' dir='ltr'><strong>debeat,</strong></span> <span class='ocrx_word' id='word_1_304' title='bbox 881 3961 1068 4052; x_wconf 88' lang='lat' dir='ltr'><strong>intelligere</strong></span> <span class='ocrx_word' id='word_1_305' title='bbox 1083 3984 1153 4028; x_wconf 87' lang='lat' dir='ltr'><strong>sese</strong></span> <span class='ocrx_word' id='word_1_306' title='bbox 1169 3961 1328 4028; x_wconf 87' lang='lat' dir='ltr'><strong>fatebun-</strong></span> 
     </span>
     <span class='ocr_line' id='line_1_37' title="bbox 212 4062 1331 4154; baseline 0.002 -26"><span class='ocrx_word' id='word_1_307' title='bbox 212 4072 277 4129; x_wconf 90' lang='lat' dir='ltr'><strong>tur.</strong></span> <span class='ocrx_word' id='word_1_308' title='bbox 328 4062 382 4129; x_wconf 86' lang='lat' dir='ltr'><strong>De</strong></span> <span class='ocrx_word' id='word_1_309' title='bbox 403 4072 544 4151; x_wconf 92' lang='lat' dir='ltr'><strong>utraque</strong></span> <span class='ocrx_word' id='word_1_310' title='bbox 567 4086 611 4139; x_wconf 82' lang='lat' dir='ltr'><strong>re</strong></span> <span class='ocrx_word' id='word_1_311' title='bbox 624 4087 685 4132; x_wconf 92' lang='lat' dir='ltr'><strong>nos</strong></span> <span class='ocrx_word' id='word_1_312' title='bbox 709 4065 808 4131; x_wconf 87' lang='lat' dir='ltr'><strong>aliter</strong></span> <span class='ocrx_word' id='word_1_313' title='bbox 825 4065 990 4133; x_wconf 86' lang='lat' dir='ltr'><strong>sentimus.</strong></span> <span class='ocrx_word' id='word_1_314' title='bbox 1041 4066 1155 4152; x_wconf 85' lang='lat' dir='ltr'><strong>Atque</strong></span> <span class='ocrx_word' id='word_1_315' title='bbox 1178 4089 1198 4132; x_wconf 87' lang='lat' dir='ltr'><strong>a</strong></span> <span class='ocrx_word' id='word_1_316' title='bbox 1226 4086 1331 4154; x_wconf 90' lang='lat' dir='ltr'><strong>prosa</strong></span> 
     </span>
     <span class='ocr_line' id='line_1_38' title="bbox 214 4165 1328 4252; baseline 0.004 -22"><span class='ocrx_word' id='word_1_317' title='bbox 214 4165 351 4252; x_wconf 89' lang='lat' dir='ltr'><strong>quidem</strong></span> <span class='ocrx_word' id='word_1_318' title='bbox 370 4169 521 4234; x_wconf 89' lang='lat' dir='ltr'><strong>oratione</strong></span> <span class='ocrx_word' id='word_1_319' title='bbox 542 4176 677 4235; x_wconf 90' lang='lat' dir='ltr'><strong>cantum</strong></span> <span class='ocrx_word' id='word_1_320' title='bbox 700 4168 818 4235; x_wconf 88' lang='lat' dir='ltr'><strong>abesse</strong></span> <span class='ocrx_word' id='word_1_321' title='bbox 842 4167 969 4237; x_wconf 90' lang='lat' dir='ltr'><strong>debere</strong></span> <span class='ocrx_word' id='word_1_322' title='bbox 987 4167 1058 4237; x_wconf 89' lang='lat' dir='ltr'><strong>hoc</strong></span> <span class='ocrx_word' id='word_1_323' title='bbox 1079 4168 1212 4236; x_wconf 89' lang='lat' dir='ltr'><strong>facilius</strong></span> <span class='ocrx_word' id='word_1_324' title='bbox 1235 4167 1328 4237; x_wconf 83' lang='lat' dir='ltr'><strong>vice·</strong></span> 
     </span>
     <span class='ocr_line' id='line_1_39' title="bbox 215 4268 1329 4362; baseline 0.002 -26"><span class='ocrx_word' id='word_1_325' title='bbox 215 4268 333 4354; x_wconf 89' lang='lat' dir='ltr'><strong>rimus,</strong></span> <span class='ocrx_word' id='word_1_326' title='bbox 360 4270 454 4358; x_wconf 91' lang='lat' dir='ltr'><strong>quod</strong></span> <span class='ocrx_word' id='word_1_327' title='bbox 473 4269 509 4336; x_wconf 94' lang='lat' dir='ltr'><strong>id</strong></span> <span class='ocrx_word' id='word_1_328' title='bbox 525 4270 580 4338; x_wconf 90' lang='lat' dir='ltr'><strong>vel</strong></span> <span class='ocrx_word' id='word_1_329' title='bbox 600 4293 675 4340; x_wconf 86' lang='lat' dir='ltr'><strong>suus</strong></span> <span class='ocrx_word' id='word_1_330' title='bbox 695 4294 864 4362; x_wconf 85' lang='lat' dir='ltr'><strong>quemque</strong></span> <span class='ocrx_word' id='word_1_331' title='bbox 890 4295 1003 4344; x_wconf 86' lang='lat' dir='ltr'><strong>sensus</strong></span> <span class='ocrx_word' id='word_1_332' title='bbox 1030 4272 1140 4343; x_wconf 84' lang='lat' dir='ltr'><strong>docet.</strong></span> <span class='ocrx_word' id='word_1_333' title='bbox 1204 4269 1329 4341; x_wconf 82' lang='lat' dir='ltr'><strong>Cantus</strong></span> 
     </span>
    </p>
   </div>
   <div class='ocr_carea' id='block_1_5' title="bbox 0 0 1419 4904">
    <p class='ocr_par' dir='ltr' id='par_1_6' title="bbox 0 0 1419 4904">
     <span class='ocr_line' id='line_1_40' title="bbox 0 0 1419 4904; baseline 0 0"><span class='ocrx_word' id='word_1_334' title='bbox 0 0 1419 4904; x_wconf 95' lang='lat' dir='ltr'><strong> </strong></span> 
     </span>
    </p>
   </div>
  </div>
 </body>
</html>
