2826 4904
162 1145 241 1232 DE
282 1137 540 1234 CANTICO
581 1140 638 1226 IN
679 1133 1071 1226 ROMANORVM
1096 1132 1273 1227 FABV⁴

263 1296 354 1419 LlS
394 1291 646 1383 SCENICIS
683 1284 1080 1381 DISSERTATIO
1118 1287 1172 1399 *).,
1266 1403 1269 1406 .

135 1765 278 1898 aQuid
297 1803 443 1871 Romani
464 1805 499 1870 in
518 1801 702 1894 tragoediis
723 1810 758 1868 et
775 1798 958 1870 comoediis
969 1799 1138 1868 canticum
1154 1797 1272 1888 appel-

162 1908 299 1991 lassent,
325 1908 402 1973 satis
420 1905 598 1973 videbatur
622 1913 793 1988 constare,
819 1925 923 1990 quum
943 1901 1019 1970 Car.
1036 1904 1129 1994 Aug.
1143 1901 1272 1969 Boettiss

160 2030 279 2100 genus,
312 2009 363 2074 vir
381 2009 636 2091 celeberrimus,
668 2008 703 2072 in
733 2005 961 2073 dissertatione
977 2005 1022 2073 de
1043 2015 1200 2093 quattuor
1214 2027 1271 2070 ae-

158 2111 279 2178 tatibus
314 2111 364 2178 rei
399 2106 548 2180 scenicae
590 2109 684 2200 apud
719 2116 862 2192 veteres,
907 2130 1011 2196 quam
1042 2107 1210 2177 Vimariae
1241 2130 1269 2174 a

159 2214 425 2311 clolpccxcvrrr.
455 2212 573 2297 edidit,
599 2236 634 2303 p.
659 2206 719 2279 15.
746 2234 869 2278 novam
891 2210 935 2278 de
958 2234 999 2279 ea
1020 2232 1058 2280 re
1080 2211 1270 2303 opinionem

158 2316 305 2386 afferret
358 2316 460 2386 Cuius
475 2315 537 2383 viri
557 2338 626 2404 quo
641 2315 748 2383 maior
763 2324 812 2382 est
831 2314 866 2382 in
888 2312 942 2380 his
963 2315 1064 2382 rebus
1086 2314 1270 2398 auctoritas,

157 2429 249 2487 tanto
275 2419 383 2487 minus
406 2420 526 2502 mirer,
560 2419 587 2485 si
607 2417 718 2486 multis
740 2418 949 2508 persuaserit.
1000 2416 1063 2484 Me
1087 2417 1272 2508 quidemsi

156 2525 192 2596 in
213 2523 361 2611 hisnon
385 2545 456 2590 esse
474 2523 656 2612 profiteor,
690 2521 780 2610 ipse,
819 2542 908 2607 quae
940 2528 989 2586 est
1019 2521 1090 2589 eius
1124 2522 1270 2606 comitas,

158 2625 403 2693 dissentientem
426 2625 528 2693 focile
548 2625 652 2704 feret3
684 2624 756 2690 aliis
784 2630 895 2689 autem
921 2643 989 2688 non
1009 2623 1181 2714 ingratum
1201 2624 1271 2691 for-

157 2736 241 2795 tasse
261 2728 397 2812 secero,
423 2728 450 2801 si
470 2727 668 2810 ostendero,
699 2748 759 2795 our
785 2727 828 2793 ab
852 2747 893 2793 eo
917 2725 1179 2795 dissentiendum
1207 2749 1271 2817 pu-

156 2839 235 2896 tem.
289 2828 347 2898 Sic
368 2837 481 2897 autem
500 2830 560 2900 ille
583 2829 712 2914 statuit,
746 2829 840 2895 finito
861 2850 999 2917 quoque
1025 2841 1102 2899 actu
1125 2840 1271 2900 actorem
1296 2909 1300 2917 ι

157 2930 352 3023 primarium
366 2932 411 2998 ad
423 2932 539 2998 tibiam
554 2931 706 2998 saltando
723 2939 927 3020 spectatores
942 2932 1145 3021 oblectasse,
1170 2933 1272 3024 idque

157 3044 313 3102 vocatum
337 3056 408 3101 esse
428 3035 603 3102 canticum.
655 3035 768 3121 Atque
792 3031 861 3100 hoc
881 3035 1019 3122 quidem
1044 3046 1185 3106 nonest
1208 3038 1271 3105 du-

156 3138 269 3222 bium,
296 3135 375 3226 quin
394 3136 490 3204 linito
510 3145 605 3221 actu,
632 3147 708 3203 ante
726 3159 828 3224 quam
850 3160 981 3204 rursum
1001 3138 1036 3204 in
1061 3162 1196 3209 scenam
1217 3140 1273 3208 hi-

158 3241 298 3309 striones
315 3239 507 3330 prodirent,
540 3239 709 3307 interdum
730 3240 853 3308 tibicen
884 3251 984 3309 cantu
1008 3241 1110 3310 tibiae
1133 3243 1274 3333 aliquod

157 3344 399 3432 spectatoribus
427 3346 711 3412 oblectamentum
738 3341 939 3411 exhibuerit:
980 3344 1209 3436 produxitque
1239 3348 1274 3414 in

159 3467 234 3513 eam
261 3468 332 3512 rem
354 3446 568 3538 Boettigerus
595 3446 757 3513 idoneum
779 3455 915 3531 testem,
948 3447 1125 3535 Plautum,
1150 3451 1218 3539 «qui
1240 3450 1275 3517 in

158 3548 331 3617 Pseudolo
348 3548 374 3614 l.
393 3544 430 3634 5,
453 3547 541 3618 160.
567 3550 615 3617 sic
639 3548 735 3618 dicit:

327 3682 468 3753 Tibicen
492 3707 554 3754 vos
579 3680 715 3753 interea
743 3684 803 3753 bic
826 3660 1084 3755 delectaverit.¹

157 3821 253 3889 Nihil
272 3830 384 3888 tamen
409 3844 450 3889 ex
470 3821 540 3892 hoc
560 3821 639 3905 loco
661 3822 756 3892 aliud
777 3821 992 3915 collegerim,
1028 3845 1148 3913 qnam,
1179 3821 1274 3912 quod

159 3923 246 4010 dixi,
272 3923 438 3993 interdum
453 3924 524 3997 hoc
540 3925 668 3996 factum
683 3926 796 3998 videri.
848 3925 970 4013 Aliud,
996 3926 1057 3998 sed
1071 3926 1195 3996 diversi
1207 3948 1273 4018 ge-

201 4219 231 4312 *)
251 4225 338 4288 Edita
360 4237 406 4291 est
424 4223 452 4288 a.
477 4231 568 4296 1811.
