2826 4904
136 323 139 334 '
178 313 244 378 8⁰4
349 324 352 329 '
389 309 448 373 DE
475 309 681 374 cannen
710 311 758 374 lli
784 311 1081 431 nontponvn

136 466 340 659 ’ὅπερ
347 485 489 658 ὲιῖἑηι
511 484 631 560 escae
652 482 852 559 naseam.
879 547 882 554 .
901 486 956 658 pt
973 486 1009 555 o
1028 485 1288 660 epam

245 639 314 658 ..
375 590 730 674 e'‘aeverotuae,
761 596 878 658 noster
939 588 1149 682 asopus,‘
1280 590 1289 608 ‘

123 717 125 724 ·
169 689 261 786 sut,
286 699 326 760 at
346 691 379 761 ei
402 692 563 761 damnare
575 711 648 783 per
670 711 789 765 onmes
809 688 965 761 tornines
983 692 1115 766 Bceret.
1166 689 1209 762 Is
1225 693 1284 769 ia-

176 815 264 865 rare
284 816 390 886 pram
410 794 595 887 coepisset,
628 815 697 863 voa
720 815 800 866 eam
818 791 951 888 affecit
970 794 1008 864 ia
1029 794 1092 863 illo
1121 793 1216 880 mco,
1248 794 1288 873 si

176 897 326 968 sciens
355 893 493 987 sallo.
551 896 668 965 lemno
695 905 856 987 apparet,
899 918 968 970 non
998 905 1108 967 mutos
1129 896 1165 965 in
1186 917 1287 967 scena

42 994 46 1001 ’
178 1000 302 1068 stetisse
322 999 484 1069 Roscium
513 1008 547 1068 et
574 998 775 1091 Aesopum?
824 997 896 1068 Sed
921 1022 991 1069 uon
1011 1021 1169 1092 possum,
1207 1001 1288 1090 quin

177 1123 350 1187 moneam,
393 1102 427 1168 in
447 1100 518 1172 hoc
542 1110 715 1191 postremo
738 1099 908 1174 Ciceronis
934 1103 1015 1173 loco
1041 1102 1287 1172 observandum

177 1227 250 1274 esse
264 1214 314 1271 ter
328 1201 475 1293 positum
486 1205 626 1272 verbnm
640 1204 770 1278 dicere.
820 1204 921 1273 Vnde
937 1213 1097 1296 apparet,
1121 1226 1192 1273 nou
1216 1205 1308 1274 esse'

177 1306 265 1377 haec
276 1314 416 1376 cantata.
467 1307 514 1375 Et
524 1316 632 1391 recte,
658 1307 743 1373 utin
759 1305 911 1376 diverbia
924 1280 1119 1378 Telamonis
1134 1316 1168 1375 et
1189 1308 1286 1377 Teu-

177 1409 242 1494 cri,
268 1408 361 1497 quod
382 1418 515 1494 contra,
541 1430 628 1496 quae
648 1409 683 1476 in
703 1410 851 1493 Quaestt
874 1411 977 1480 Tusc.
1001 1409 1110 1478 144.
1133 1407 1220 1484 loo.
1245 1431 1286 1477 ex

177 1512 308 1583 cantico
332 1511 482 1600 quodam
511 1509 715 1601 deprompta
742 1509 858 1595 affert,
894 1513 1031 1605 pressis
1055 1520 1091 1581 et
1104 1509 1286 1607 flebilibus

176 1614 308 1699 modis,
341 1615 400 1705 qai
422 1613 502 1681 totis
521 1613 677 1682 theatris-
694 1612 908 1682 maestitiam
933 1613 1107 1707 inserant,
1141 1614 1284 1707 conanti,

175 1717 384 1809 septenariis
407 1715 459 1785 ad
478 1714 603 1784 tibiam
613 1713 731 1809 fissis,
755 1724 876 1785 narrat
926 1716 1082 1787 Indidem
1102 1717 1285 1809 colligitur,

175 1819 329 1888 vitiosum
351 1819 553 1889 vocabulum
577 1817 783 1910 spondalia,
816 1841 927 1908 neque
948 1820 985 1888 in
1004 1820 1224 1912 spondiulia,
1248 1827 1286 1887 ut

175 1920 352 1991 videbatur
365 1921 449 1988 Adr.
464 1922 647 2006 Tumebo,
673 1922 835 2010 usquein
852 1922 1067 2014 spondentia
1079 1922 1131 2014 ιι),
1154 1931 1194 1992 nt
1207 1921 1285 1991 Sal-

175 2024 296 2093 masius
321 2023 473 2109 volebat,
516 2024 637 2093 mutari
664 2045 779 2115 posse:
819 2046 906 2114 quae
940 2024 1149 2096 coniecturae
1184 2025 1285 2103 etlam

170 2136 317 2220 propter
337 2125 418 2193 alias
438 2145 552 2194 causas
568 2120 703 2194 admitti·
715 2136 893 2214 nequeunt.
925 2126 1039 2201 codd.
1060 2136 1195 2221 praeter
1208 2127 1285 2195 vul-

172 2239 289 2323 gatam
305 2228 486 2299 lectionem
505 2229 604 2296 etiam
625 2228 792 2320 spondali
808 2229 874 2298 illa
889 2239 923 2297 et
937 2230 1118 2322 spondalli
1138 2231 1204 2298 iila
1217 2229 1283 2298 ha·

174 2333 264 2402 bent
317 2330 421 2415 Quod
437 2333 464 2399 si
479 2333 576 2398 venia
597 2340 647 2399 est
668 2330 713 2398 de
735 2332 816 2400 loco
834 2341 905 2400 tam
926 2331 1107 2424 desperato
1122 2333 1283 2424 suspicio-

172 2458 253 2505 nem
266 2433 412 2524 aliquam
424 2434 629 2524 proferenti,
654 2432 784 2503 facilius
797 2433 880 2503 mihi
894 2436 1136 2526 persuadeam,
1161 2437 1285 2505 litteras

175 2540 203 2608 a·
231 2538 287 2608 vel
312 2538 353 2605 ta·
377 2559 490 2606 errore
512 2537 723 2606 librariorum
742 2555 783 2607 ex
802 2548 961 2627 sequente
982 2540 1047 2608 ilia
1077 2549 1171 2608 natas
1202 2561 1283 2623 esse,

174 2664 279 2732 quum
302 2640 424 2710 Cicero
449 2640 646 2730 scripsisset,
688 2641 875 2732 emunda
898 2642 964 2710 illa
992 2642 1149 2712 dicentis.
1208 2644 1284 2711 Non

172 2745 287 2834 inepte
305 2752 396 2810 certe
410 2742 528 2811 credas
539 2743 782 2829 Telamonem,
808 2744 906 2811 naias
928 2765 1073 2837 corpas,
1098 2754 1137 2813 ut
1155 2744 1231 2837 ipse
1250 2747 1283 2814 io

173 2846 234 2912 illa
250 2845 365 2912 fabula
383 2843 427 2911 de
442 2867 477 2911 se
492 2844 668 2935 praedicat
691 2846 784 2936 apud
799 2846 946 2929 Nonium
963 2868 999 2937 p.
1018 2843 1104 2916 159.
1118 2850 1285 2940 annaque

174 2956 209 3017 et
222 2954 341 3014 aetate
351 2945 538 3036 putrebat,
565 2970 669 3036 quum
683 2955 824 3038 accepto
846 2948 890 3016 de
912 2950 973 3017 filii
984 2959 1092 3018 morte
1107 2953 1231 3021 nuncio
1253 2952 1285 3018 in

173 3050 300 3120 lectulo
323 3046 541 3132 consedisset,
576 3048 744 3139 esponda
766 3052 941 3142 increpare
963 3053 1151 3135 Teucrnm3
1177 3058 1285 3122 Aeso-

173 3175 342 3248 pumque‚
377 3150 471 3242 qnod
498 3150 601 3218 senile
630 3173 753 3242 corpus
774 3153 820 3221 ad
841 3155 927 3222 iram
947 3155 1166 3245 furoremque
1188 3165 1285 3248 gestu

173 3258 250 3327 sutis
268 3253 531 3346 exprimendum,
544 3256 600 3322 vix
619 3278 689 3327 esse
710 3255 881 3325 idoneum
892 3258 1045 3344 sentiret,
1063 3268 1157 3329 tento
1177 3261 1285 3352 magis

173 3384 285 3429 sensns
306 3361 387 3426 istos
414 3351 520 3428 oculis
543 3357 756 3450 significasse.
816 3361 890 3427 lam
922 3360 1085 3451 denique,
1128 3384 1198 3452 quo
1232 3386 1284 3431 res

174 3463 386 3544 conficiatur,
421 3461 518 3528 illum
545 3461 727 3530 videamus·
739 3461 871 3548 locum,
909 3462 1045 3552 dequo
1074 3487 1177 3555 supra
1204 3465 1285 3550 dixi,

171 3565 446 3651 inorationepro
459 3564 497 3631 P.
512 3563 644 3648 Sextio,
671 3584 700 3632 c
727 3560 787 3632 56.
844 3563 942 3659 Quid
954 3565 1034 3660 fait
1045 3567 1136 3636 iliad
1143 3617 1154 3653 ,
1180 3569 1285 3660 qaod,

171 3668 304 3740 secasti
327 3667 452 3735 nansia
466 3665 514 3733 de
532 3667 594 3734 illo
612 3669 926 3755 senatusconsulta,
953 3669 1049 3762 qaod
1061 3668 1212 3763 factam
1236 3679 1286 3740 est

212 3964 243 4044 *)
264 3965 420 4026 Invenitur
441 3965 638 4047 spondaliam
666 3971 750 4051 opud
770 3971 905 4034 Diomed.
933 3993 965 4052 p.
986 3975 1061 4039 472.
1087 3991 1181 4031 versu
1203 3989 1284 4051 peu-

170 4051 293 4127 ultimo,
328 4051 411 4130 quod
440 4053 738 4134 ipsumselmasius,
772 4067 803 4116 et
829 4066 913 4116 recte
945 4078 1033 4134 sane,
1062 4055 1285 4136 spondentium

127 4189 131 4194 ,
171 4135 360 4195 scribendum
382 4157 446 4198 esse
467 4139 553 4198 vidit.
596 4140 657 4198 Sed
678 4141 782 4200 Cicero
804 4141 830 4199 si
851 4162 887 4201 eo
908 4143 1001 4204 verbo
1023 4150 1096 4204 usus
1123 4150 1182 4217 est,
1205 4149 1285 4199 certe

170 4239 232 4279 non
253 4221 459 4298 satisfaciunt,
493 4243 569 4303 quae
594 4223 731 4284 Osnnnns
753 4227 853 4286 attulit
878 4223 917 4286 in
938 4227 1018 4288 libro
1048 4247 1139 4310 quem
1161 4227 1283 4286 Germa-

170 4303 296 4365 nicode
318 4306 477 4386 Sophoclis
497 4309 588 4368 Aiace
609 4309 728 4390 scripsit
745 4331 777 4392 p.
800 4317 852 4379 87.
875 4331 958 4392 seqq.
1019 4324 1022 4331 '
